@Type{ascii-000, field = {A}, }
@Type{ascii-001, field = {C}, }
@Type{ascii-002, field = {D}, }
@Type{ascii-003, field = {E}, }
@Type{ascii-005, field = {i}, }
@Type{ascii-006, field = {o}, }
@Type{ascii-007, field = {u}, }
@Type{ascii-008, field = {y}, }

@Type{latin1-000, field = {Å}, }
@Type{latin1-001, field = {Ç}, }
@Type{latin1-002, field = {Ð}, }
@Type{latin1-003, field = {È}, }
@Type{latin1-005, field = {î}, }
@Type{latin1-006, field = {ø}, }
@Type{latin1-007, field = {ü}, }
@Type{latin1-008, field = {ý}, }

