@Type{ascii-1000, field = {ACDE iouy}, }

@Type{latin1-1000, field = {ÅÇÐÈ îøüý}, }

@Type{latinExtA-1000, field = {ĂĆĎĘ ĭőůŷ}, }

@Type{ascii-021, field = {!}, }
@Type{ascii-022, field = {"}, }
@Type{ascii-023, field = {#}, }
@Type{ascii-024, field = {$}, }
@Type{ascii-025, field = {%}, }
@Type{ascii-026, field = {&}, }
@Type{ascii-02A, field = {*}, }
@Type{ascii-02B, field = {+}, }
@Type{ascii-03C, field = {<}, }
@Type{ascii-03D, field = {=}, }
@Type{ascii-03E, field = {>}, }
@Type{ascii-03F, field = {?}, }
@Type{ascii-040, field = {@}, }
@Type{ascii-041, field = {A}, }
@Type{ascii-042, field = {B}, }
@Type{ascii-043, field = {C}, }
@Type{ascii-044, field = {D}, }
@Type{ascii-045, field = {E}, }
@Type{ascii-046, field = {F}, }
@Type{ascii-047, field = {G}, }
@Type{ascii-048, field = {H}, }
@Type{ascii-049, field = {I}, }
@Type{ascii-04A, field = {J}, }
@Type{ascii-04B, field = {K}, }
@Type{ascii-04C, field = {L}, }
@Type{ascii-04D, field = {M}, }
@Type{ascii-04E, field = {N}, }
@Type{ascii-04F, field = {O}, }
@Type{ascii-050, field = {P}, }
@Type{ascii-051, field = {Q}, }
@Type{ascii-052, field = {R}, }
@Type{ascii-053, field = {S}, }
@Type{ascii-054, field = {T}, }
@Type{ascii-055, field = {U}, }
@Type{ascii-056, field = {V}, }
@Type{ascii-057, field = {W}, }
@Type{ascii-058, field = {X}, }
@Type{ascii-059, field = {Y}, }
@Type{ascii-05A, field = {Z}, }
@Type{ascii-061, field = {a}, }
@Type{ascii-062, field = {b}, }
@Type{ascii-063, field = {c}, }
@Type{ascii-064, field = {d}, }
@Type{ascii-065, field = {e}, }
@Type{ascii-066, field = {f}, }
@Type{ascii-067, field = {g}, }
@Type{ascii-068, field = {h}, }
@Type{ascii-069, field = {i}, }
@Type{ascii-06A, field = {j}, }
@Type{ascii-06B, field = {k}, }
@Type{ascii-06C, field = {l}, }
@Type{ascii-06D, field = {m}, }
@Type{ascii-06E, field = {n}, }
@Type{ascii-06F, field = {o}, }
@Type{ascii-070, field = {p}, }
@Type{ascii-071, field = {q}, }
@Type{ascii-072, field = {r}, }
@Type{ascii-073, field = {s}, }
@Type{ascii-074, field = {t}, }
@Type{ascii-075, field = {u}, }
@Type{ascii-076, field = {v}, }
@Type{ascii-077, field = {w}, }
@Type{ascii-078, field = {x}, }
@Type{ascii-079, field = {y}, }
@Type{ascii-07A, field = {z}, }
@Type{ascii-000, field = {0}, }
@Type{ascii-001, field = {1}, }
@Type{ascii-002, field = {2}, }
@Type{ascii-003, field = {3}, }
@Type{ascii-004, field = {4}, }
@Type{ascii-005, field = {5}, }
@Type{ascii-006, field = {6}, }
@Type{ascii-007, field = {7}, }
@Type{ascii-008, field = {8}, }
@Type{ascii-009, field = {9}, }

@Type{latin1-0A1, field = {¡}, }
@Type{latin1-0A3, field = {£}, }
@Type{latin1-0A7, field = {§}, }
@Type{latin1-0AB, field = {«}, }
@Type{latin1-0BB, field = {»}, }
@Type{latin1-0BF, field = {¿}, }
@Type{latin1-0C0, field = {À}, }
@Type{latin1-0C1, field = {Á}, }
@Type{latin1-0C2, field = {Â}, }
@Type{latin1-0C3, field = {Ã}, }
@Type{latin1-0C4, field = {Ä}, }
@Type{latin1-0C5, field = {Å}, }
@Type{latin1-0C6, field = {Æ}, }
@Type{latin1-0C7, field = {Ç}, }
@Type{latin1-0C8, field = {È}, }
@Type{latin1-0C9, field = {É}, }
@Type{latin1-0CA, field = {Ê}, }
@Type{latin1-0CB, field = {Ë}, }
@Type{latin1-0CC, field = {Ì}, }
@Type{latin1-0CD, field = {Í}, }
@Type{latin1-0CE, field = {Î}, }
@Type{latin1-0CF, field = {Ï}, }
@Type{latin1-0D0, field = {Ð}, }
@Type{latin1-0D1, field = {Ñ}, }
@Type{latin1-0D2, field = {Ò}, }
@Type{latin1-0D3, field = {Ó}, }
@Type{latin1-0D4, field = {Ô}, }
@Type{latin1-0D5, field = {Õ}, }
@Type{latin1-0D6, field = {Ö}, }
@Type{latin1-0D7, field = {×}, }
@Type{latin1-0D8, field = {Ø}, }
@Type{latin1-0D9, field = {Ù}, }
@Type{latin1-0DA, field = {Ú}, }
@Type{latin1-0DB, field = {Û}, }
@Type{latin1-0DC, field = {Ü}, }
@Type{latin1-0DD, field = {Ý}, }
@Type{latin1-0DE, field = {Þ}, }
@Type{latin1-0DF, field = {ß}, }
@Type{latin1-0E0, field = {à}, }
@Type{latin1-0E1, field = {á}, }
@Type{latin1-0E2, field = {â}, }
@Type{latin1-0E3, field = {ã}, }
@Type{latin1-0E4, field = {ä}, }
@Type{latin1-0E5, field = {å}, }
@Type{latin1-0E6, field = {æ}, }
@Type{latin1-0E7, field = {ç}, }
@Type{latin1-0E8, field = {è}, }
@Type{latin1-0E9, field = {é}, }
@Type{latin1-0EA, field = {ê}, }
@Type{latin1-0EB, field = {ë}, }
@Type{latin1-0EC, field = {ì}, }
@Type{latin1-0ED, field = {í}, }
@Type{latin1-0EE, field = {î}, }
@Type{latin1-0EF, field = {ï}, }
@Type{latin1-0F0, field = {ð}, }
@Type{latin1-0F1, field = {ñ}, }
@Type{latin1-0F2, field = {ò}, }
@Type{latin1-0F3, field = {ó}, }
@Type{latin1-0F4, field = {ô}, }
@Type{latin1-0F5, field = {õ}, }
@Type{latin1-0F6, field = {ö}, }
@Type{latin1-0F7, field = {÷}, }
@Type{latin1-0F8, field = {ø}, }
@Type{latin1-0F9, field = {ù}, }
@Type{latin1-0FA, field = {ú}, }
@Type{latin1-0FB, field = {û}, }
@Type{latin1-0FC, field = {ü}, }
@Type{latin1-0FD, field = {ý}, }
@Type{latin1-0FE, field = {þ}, }
@Type{latin1-0FF, field = {ÿ}, }

@Type{greek-000, field = {Α}, }
@Type{greek-001, field = {Β}, }
@Type{greek-002, field = {Γ}, }
@Type{greek-003, field = {χ}, }
@Type{greek-004, field = {ψ}, }
@Type{greek-005, field = {ω}, }
@Type{greek-100, field = {ΑΒΓ χψω}, }

@Type{cyrillic-001, field = {А}, }
@Type{cyrillic-002, field = {Б}, }
@Type{cyrillic-003, field = {В}, }
@Type{cyrillic-004, field = {э}, }
@Type{cyrillic-005, field = {ю}, }
@Type{cyrillic-006, field = {я}, }
@Type{cyrillic-100, field = {АБВ эюя}, }

@Type{kana-001, field = {あ}, }
@Type{kana-002, field = {い}, }
@Type{kana-003, field = {う}, }
@Type{kana-004, field = {　}, }
@Type{kana-005, field = {ヱ}, }
@Type{kana-006, field = {ヲ}, }
@Type{kana-007, field = {ン}, }
@Type{kana-100, field = {あいう　ヱヲン}, }

@Type{hanzi-001, field = {一}, }
@Type{hanzi-002, field = {二}, }
@Type{hanzi-003, field = {三}, }
@Type{hanzi-005, field = {捌}, }
@Type{hanzi-006, field = {玖}, }
@Type{hanzi-007, field = {拾}, }
@Type{hanzi-011, field = {𠮟}, }
@Type{hanzi-012, field = {𥝱}, }
@Type{hanzi-100, field = {一二三　捌玖拾}, }

@Type{hangul-001, field = {가}, }
@Type{hangul-002, field = {나}, }
@Type{hangul-003, field = {다}, }
@Type{hangul-005, field = {한}, }
@Type{hangul-006, field = {글}, }
@Type{hangul-007, field = {텍}, }
@Type{hangul-100, field = {가나다한글텍}, }

@Type{latinExtA-100, field = {Ā}, }
@Type{latinExtA-101, field = {ā}, }
@Type{latinExtA-102, field = {Ă}, }
@Type{latinExtA-103, field = {ă}, }
@Type{latinExtA-104, field = {Ą}, }
@Type{latinExtA-105, field = {ą}, }
@Type{latinExtA-106, field = {Ć}, }
@Type{latinExtA-107, field = {ć}, }
@Type{latinExtA-108, field = {Ĉ}, }
@Type{latinExtA-109, field = {ĉ}, }
@Type{latinExtA-10A, field = {Ċ}, }
@Type{latinExtA-10B, field = {ċ}, }
@Type{latinExtA-10C, field = {Č}, }
@Type{latinExtA-10D, field = {č}, }
@Type{latinExtA-10E, field = {Ď}, }
@Type{latinExtA-10F, field = {ď}, }
@Type{latinExtA-110, field = {Đ}, }
@Type{latinExtA-111, field = {đ}, }
@Type{latinExtA-112, field = {Ē}, }
@Type{latinExtA-113, field = {ē}, }
@Type{latinExtA-114, field = {Ĕ}, }
@Type{latinExtA-115, field = {ĕ}, }
@Type{latinExtA-116, field = {Ė}, }
@Type{latinExtA-117, field = {ė}, }
@Type{latinExtA-118, field = {Ę}, }
@Type{latinExtA-119, field = {ę}, }
@Type{latinExtA-11A, field = {Ě}, }
@Type{latinExtA-11B, field = {ě}, }
@Type{latinExtA-11C, field = {Ĝ}, }
@Type{latinExtA-11D, field = {ĝ}, }
@Type{latinExtA-11E, field = {Ğ}, }
@Type{latinExtA-11F, field = {ğ}, }
@Type{latinExtA-120, field = {Ġ}, }
@Type{latinExtA-121, field = {ġ}, }
@Type{latinExtA-122, field = {Ģ}, }
@Type{latinExtA-123, field = {ģ}, }
@Type{latinExtA-124, field = {Ĥ}, }
@Type{latinExtA-125, field = {ĥ}, }
@Type{latinExtA-126, field = {Ħ}, }
@Type{latinExtA-127, field = {ħ}, }
@Type{latinExtA-128, field = {Ĩ}, }
@Type{latinExtA-129, field = {ĩ}, }
@Type{latinExtA-12A, field = {Ī}, }
@Type{latinExtA-12B, field = {ī}, }
@Type{latinExtA-12C, field = {Ĭ}, }
@Type{latinExtA-12D, field = {ĭ}, }
@Type{latinExtA-12E, field = {Į}, }
@Type{latinExtA-12F, field = {į}, }
@Type{latinExtA-130, field = {İ}, }
@Type{latinExtA-131, field = {ı}, }
@Type{latinExtA-132, field = {Ĳ}, }
@Type{latinExtA-133, field = {ĳ}, }
@Type{latinExtA-134, field = {Ĵ}, }
@Type{latinExtA-135, field = {ĵ}, }
@Type{latinExtA-136, field = {Ķ}, }
@Type{latinExtA-137, field = {ķ}, }
@Type{latinExtA-138, field = {ĸ}, }
@Type{latinExtA-139, field = {Ĺ}, }
@Type{latinExtA-13A, field = {ĺ}, }
@Type{latinExtA-13B, field = {Ļ}, }
@Type{latinExtA-13C, field = {ļ}, }
@Type{latinExtA-13D, field = {Ľ}, }
@Type{latinExtA-13E, field = {ľ}, }
@Type{latinExtA-13F, field = {Ŀ}, }
@Type{latinExtA-140, field = {ŀ}, }
@Type{latinExtA-141, field = {Ł}, }
@Type{latinExtA-142, field = {ł}, }
@Type{latinExtA-143, field = {Ń}, }
@Type{latinExtA-144, field = {ń}, }
@Type{latinExtA-145, field = {Ņ}, }
@Type{latinExtA-146, field = {ņ}, }
@Type{latinExtA-147, field = {Ň}, }
@Type{latinExtA-148, field = {ň}, }
@Type{latinExtA-149, field = {ŉ}, }
@Type{latinExtA-14A, field = {Ŋ}, }
@Type{latinExtA-14B, field = {ŋ}, }
@Type{latinExtA-14C, field = {Ō}, }
@Type{latinExtA-14D, field = {ō}, }
@Type{latinExtA-14E, field = {Ŏ}, }
@Type{latinExtA-14F, field = {ŏ}, }
@Type{latinExtA-150, field = {Ő}, }
@Type{latinExtA-151, field = {ő}, }
@Type{latinExtA-152, field = {Œ}, }
@Type{latinExtA-153, field = {œ}, }
@Type{latinExtA-154, field = {Ŕ}, }
@Type{latinExtA-155, field = {ŕ}, }
@Type{latinExtA-156, field = {Ŗ}, }
@Type{latinExtA-157, field = {ŗ}, }
@Type{latinExtA-158, field = {Ř}, }
@Type{latinExtA-159, field = {ř}, }
@Type{latinExtA-15A, field = {Ś}, }
@Type{latinExtA-15B, field = {ś}, }
@Type{latinExtA-15C, field = {Ŝ}, }
@Type{latinExtA-15D, field = {ŝ}, }
@Type{latinExtA-15E, field = {Ş}, }
@Type{latinExtA-15F, field = {ş}, }
@Type{latinExtA-160, field = {Š}, }
@Type{latinExtA-161, field = {š}, }
@Type{latinExtA-162, field = {Ţ}, }
@Type{latinExtA-163, field = {ţ}, }
@Type{latinExtA-164, field = {Ť}, }
@Type{latinExtA-165, field = {ť}, }
@Type{latinExtA-166, field = {Ŧ}, }
@Type{latinExtA-167, field = {ŧ}, }
@Type{latinExtA-168, field = {Ũ}, }
@Type{latinExtA-169, field = {ũ}, }
@Type{latinExtA-16A, field = {Ū}, }
@Type{latinExtA-16B, field = {ū}, }
@Type{latinExtA-16C, field = {Ŭ}, }
@Type{latinExtA-16D, field = {ŭ}, }
@Type{latinExtA-16E, field = {Ů}, }
@Type{latinExtA-16F, field = {ů}, }
@Type{latinExtA-170, field = {Ű}, }
@Type{latinExtA-171, field = {ű}, }
@Type{latinExtA-172, field = {Ų}, }
@Type{latinExtA-173, field = {ų}, }
@Type{latinExtA-174, field = {Ŵ}, }
@Type{latinExtA-175, field = {ŵ}, }
@Type{latinExtA-176, field = {Ŷ}, }
@Type{latinExtA-177, field = {ŷ}, }
@Type{latinExtA-178, field = {Ÿ}, }
@Type{latinExtA-179, field = {Ź}, }
@Type{latinExtA-17A, field = {ź}, }
@Type{latinExtA-17B, field = {Ż}, }
@Type{latinExtA-17C, field = {ż}, }
@Type{latinExtA-17D, field = {Ž}, }
@Type{latinExtA-17E, field = {ž}, }
@Type{latinExtA-17F, field = {ſ}, }

@Type{fullw-001, field = {＃}, }
@Type{fullw-002, field = {＠}, }
@Type{fullw-003, field = {Ａ}, }
@Type{fullw-004, field = {ｚ}, }
@Type{fullw-005, field = {￡}, }
@Type{fullw-006, field = {￦}, }

@Type{kana-101, field = {ｱ}, }
@Type{kana-102, field = {ｲ}, }
@Type{kana-103, field = {ｳ}, }
@Type{kana-105, field = {ﾜ}, }
@Type{kana-106, field = {ｦ}, }
@Type{kana-107, field = {ﾝ}, }

@Type{symbol-101, field = {☀}, }
@Type{symbol-102, field = {☁}, }
@Type{symbol-103, field = {☂}, }
@Type{symbol-104, field = {☃}, }
@Type{symbol-105, field = {●}, }
@Type{symbol-106, field = {△}, }
@Type{symbol-107, field = {■}, }
@Type{symbol-108, field = {◇}, }

@Type{ascii-long-100,   field = {L LONG long LONG long LONG long LONG long LONG long LONG long LONG long LONG long}, }
@Type{ascii-long-101,   field = {L LONGlongLONGlongLONGlongLONGlongLONGlongLONGlongLONGlongLONGlong LONG long}, }
@Type{ascii-long-102,   field = {L LONGlongLONGlongLONGlongLONGlongLONGlongLONGlongLONGlongLONG{long} LONG long}, }
@Type{ascii-long-103,   field = {L LONGlongLONGlongLONGlongLONGlongLONGlongLONGlongLONGlongLONGlong\\ LONG long}, }
@Type{ascii-long-104,   field = {L	longlongLONGlongLONGlongLONGlongLONGlongLONGlongLONGlongLONGlong	LONG	long}, }
@Type{latin1-long-100,  field = {L ÅÇÐÈ îøüý ÅÇÐÈ îøüý ÅÇÐÈ îøüý ÅÇÐÈ îøüý ÅÇÐÈ îøüý ÅÇÐÈ îøüý ÅÇÐÈ îøüý}, }
@Type{latin1-long-101,  field = {L ÅÇÐÈîøüýÅÇÐÈîøüýÅÇÐÈîøüýÅÇÐÈîøüýÅÇÐÈîøüýÅÇÐÈîøüýÅÇÐÈîøüý ÅÇÐÈ îøüý}, }
@Type{latin1-long-102,  field = {L ÅÇÐÈîøüýÅÇÐÈîøüýÅÇÐÈîøüýÅÇÐÈîøüýÅÇÐÈîøüýÅÇÐÈîøüýÅÇÐÈ{îøüý} ÅÇÐÈ îøüý}, }
@Type{latin1-long-103,  field = {L ÅÇÐÈîøüýÅÇÐÈîøüýÅÇÐÈîøüýÅÇÐÈîøüýÅÇÐÈîøüýÅÇÐÈîøüýÅÇÐÈîøüý\\ ÅÇÐÈ îøüý}, }
@Type{latin1-long-104,  field = {L ÅÇÐÈîøüýÅÇÐÈîøüýÅÇÐÈîøüýÅÇÐÈîøüýÅÇÐÈîøüýÅÇÐÈîøüýÅÇÐÈiouý ÅÇÐÈ îøüý}, }
@Type{latin1-long-105,  field = {L ÅÇÐÈîøüýÅÇÐÈîøüýÅÇÐÈîøüýÅÇÐÈîøüýÅÇÐÈîøüýÅÇÐÈîøüýÅÇÐÈiouy ÅÇÐÈ îøüý}, }
@Type{latinEA-long-100, field = {L ĂĆĎĘ ĭőůŷ ĂĆĎĘ ĭőůŷ ĂĆĎĘ ĭőůŷ ĂĆĎĘ ĭőůŷ ĂĆĎĘ ĭőůŷ ĂĆĎĘ ĭőůŷ ĂĆĎĘ ĭőůŷ}, }
@Type{latinEA-long-101, field = {L ĂĆĎĘĭőůŷĂĆĎĘĭőůŷĂĆĎĘĭőůŷĂĆĎĘĭőůŷĂĆĎĘĭőůŷĂĆĎĘĭőůŷĂĆĎĘĭőůŷ ĂĆĎĘ ĭőůŷ}, }
@Type{greek-long-100,   field = {L ΑΒΓΔ φχψω ΑΒΓΔ φχψω ΑΒΓΔ φχψω ΑΒΓΔ φχψω ΑΒΓΔ φχψω ΑΒΓΔ φχψω ΑΒΓΔ φχψω}, }
@Type{greek-long-101,   field = {L ΑΒΓΔφχψωΑΒΓΔφχψωΑΒΓΔφχψωΑΒΓΔφχψωΑΒΓΔφχψωΑΒΓΔφχψωΑΒΓΔφχψω ΑΒΓΔ φχψω}, }
@Type{greek-long-102,   field = {L ΑΒΓΔφχψωΑΒΓΔφχψωΑΒΓΔφχψωΑΒΓΔφχψωΑΒΓΔφχψωΑΒΓΔφχψωΑΒΓΔ{φχψω} ΑΒΓΔ φχψω}, }
@Type{greek-long-103,   field = {L ΑΒΓΔφχψωΑΒΓΔφχψωΑΒΓΔφχψωΑΒΓΔφχψωΑΒΓΔφχψωΑΒΓΔφχψωΑΒΓΔφχψω\\ ΑΒΓΔ φχψω}, }
@Type{greek-long-104,   field = {L ΑΒΓΔφχψωΑΒΓΔφχψωΑΒΓΔφχψωΑΒΓΔφχψωΑΒΓΔφχψωΑΒΓΔφχψωΑΒΓΔiouΓ ABCD φχψω}, }
@Type{cyrillic-long-100,field = {L АБВГ ьэюя АБВГ ьэюя АБВГ ьэюя АБВГ ьэюя АБВГ ьэюя АБВГ ьэюя АБВГ ьэюя}, }
@Type{cyrillic-long-101,field = {L АБВГьэюяАБВГьэюяАБВГьэюяАБВГьэюяАБВГьэюяАБВГьэюяАБВГьэюя АБВГ ьэюя}, }
@Type{hanzi-long-100,   field = {L 一二三 捌玖拾 一二三 捌玖拾 一二三 捌玖拾 一二三 捌玖拾 一二三 捌玖拾 一二三 捌玖拾 一二三 捌玖拾}, }
@Type{hanzi-long-101,   field = {L 一二三捌玖拾一二三捌玖拾一二三捌玖拾一二三捌玖拾一二三捌玖拾一二三捌玖拾 一二三 捌玖拾}, }
@Type{hanzi-long-102,   field = {L 一二三捌玖拾一二三捌玖拾一二三捌玖拾一二三捌玖拾一二三捌玖拾一二三{捌玖拾} 一二三 捌玖拾}, }
@Type{hanzi-long-103,   field = {L 一二三捌玖拾一二三捌玖拾一二三捌玖拾一二三捌玖拾一二三捌玖拾一二三捌玖拾\\ 一二三 捌玖拾}, }
@Type{hanzi-long-200,   field = {L 冤𦥑𠮟 𠀋𡈽𥝱 冤𦥑𠮟 𠀋𡈽𥝱 冤𦥑𠮟 𠀋𡈽𥝱 冤𦥑𠮟 𠀋𡈽𥝱 冤𦥑𠮟 𠀋𡈽𥝱 冤𦥑𠮟 𠀋𡈽𥝱 冤𦥑𠮟 𠀋𡈽𥝱}, }
@Type{hanzi-long-201,   field = {L 冤𦥑𠮟𠀋𡈽𥝱冤𦥑𠮟𠀋𡈽𥝱冤𦥑𠮟𠀋𡈽𥝱冤𦥑𠮟𠀋𡈽𥝱冤𦥑𠮟𠀋𡈽𥝱冤𦥑𠮟𠀋𡈽𥝱 冤𦥑𠮟 𠀋𡈽𥝱}, }
@Type{hagul-long-100,   field = {L 가나다 한글텍 가나다 한글텍 가나다 한글텍 가나다 한글텍 가나다 한글텍 가나다 한글텍 가나다 한글텍}, }
@Type{hagul-long-101,   field = {L 가나다한글텍가나다한글텍가나다한글텍가나다한글텍가나다한글텍가나다한글텍 가나다 한글텍}, }
@Type{hagul-long-102,   field = {L 가나다한글텍가나다한글텍가나다한글텍가나다한글텍가나다한글텍가나다{한글텍} 가나다 한글텍}, }
@Type{hagul-long-103,   field = {L 가나다한글텍가나다한글텍가나다한글텍가나다한글텍가나다한글텍가나다한글텍\\ 가나다 한글텍}, }
