@Type{8bit-1, field = {Øø}, }
@Type{8bit-2, field = {Åå}, }
@Type{8bit-3, field = {Ää}, }
@Type{8bit-4, field = {Öö}, }

@Type{aa, field = {Aa}, }
@Type{bb, field = {Bb}, }
@Type{cc, field = {Cc}, }
@Type{oo, field = {Oo}, }
@Type{xx, field = {Xx}, }
@Type{yy, field = {Yy}, }
@Type{zz, field = {Zz}, }

@Type{greek1, field = {Αα}, }
@Type{greek2, field = {Ββ}, }
@Type{greek3, field = {Γγ}, }
@Type{greek4, field = {Χχ}, }
@Type{greek5, field = {Ψψ}, }
@Type{greek6, field = {Ωω}, }

@Type{cyrillic1, field = {Аа}, }
@Type{cyrillic2, field = {Бб}, }
@Type{cyrillic3, field = {Вв}, }
@Type{cyrillic4, field = {Ээ}, }
@Type{cyrillic5, field = {Юю}, }
@Type{cyrillic6, field = {Яя}, }

