@Type{ascii,
  field	  = {ABC HIJ XYZ abc hij xyz {ACE} {ace}},
}

@Type{latin1,
  field	  = {РСТ ЦЧШ деж ийк мно рст цчш єѕі јљњ ќ§ў {ЦЧШ} {цчш}},
}

