@Type{ascii,
  field = {ABCDEFG tuvwxyz},
}
@Type{ascii-a,
  field = {{AB}CDEFG tuvwx{yz}},
}
@Type{ascii-b,
  field = {{{AB}CD}EFG tuv{wx{yz}}},
}

@Type{latin1,
  field = {≈«»ќЎ№Ё~езиошьэ},
}
@Type{latin1-b,
  field = {{{≈«}»ќ}Ў№Ё~ези{ош{ьэ}}},
}

@Type{brace-backslash1,
  field = "{\a}≈е{\b}∆ж{\c}«з",
}

