@Type{abc0, field = {ABC xyz}, }
@Type{abc1, field = {ABC xyz.}, }
@Type{abc2, field = {ABC xyz!}, }
@Type{abc3, field = {ABC xyz?}, }
@Type{abc4, field = {ABC xyz,}, }
@Type{abc5, field = {ABC {xyz!}}, }
@Type{abc6, field = {ABC {{xyz?}}}, }

