@Type{ascii-1000, field = {ACDE iouy}, }

@Type{latin1-1000, field = {ÅÇÐÈ îøüý}, }

@Type{ascii-021, field = {!}, }
@Type{ascii-022, field = {"}, }
@Type{ascii-023, field = {#}, }
@Type{ascii-024, field = {$}, }
@Type{ascii-025, field = {%}, }
@Type{ascii-026, field = {&}, }
@Type{ascii-02A, field = {*}, }
@Type{ascii-02B, field = {+}, }
@Type{ascii-03C, field = {<}, }
@Type{ascii-03D, field = {=}, }
@Type{ascii-03E, field = {>}, }
@Type{ascii-03F, field = {?}, }
@Type{ascii-040, field = {@}, }
@Type{ascii-041, field = {A}, }
@Type{ascii-042, field = {B}, }
@Type{ascii-043, field = {C}, }
@Type{ascii-044, field = {D}, }
@Type{ascii-045, field = {E}, }
@Type{ascii-046, field = {F}, }
@Type{ascii-047, field = {G}, }
@Type{ascii-048, field = {H}, }
@Type{ascii-049, field = {I}, }
@Type{ascii-04A, field = {J}, }
@Type{ascii-04B, field = {K}, }
@Type{ascii-04C, field = {L}, }
@Type{ascii-04D, field = {M}, }
@Type{ascii-04E, field = {N}, }
@Type{ascii-04F, field = {O}, }
@Type{ascii-050, field = {P}, }
@Type{ascii-051, field = {Q}, }
@Type{ascii-052, field = {R}, }
@Type{ascii-053, field = {S}, }
@Type{ascii-054, field = {T}, }
@Type{ascii-055, field = {U}, }
@Type{ascii-056, field = {V}, }
@Type{ascii-057, field = {W}, }
@Type{ascii-058, field = {X}, }
@Type{ascii-059, field = {Y}, }
@Type{ascii-05A, field = {Z}, }
@Type{ascii-061, field = {a}, }
@Type{ascii-062, field = {b}, }
@Type{ascii-063, field = {c}, }
@Type{ascii-064, field = {d}, }
@Type{ascii-065, field = {e}, }
@Type{ascii-066, field = {f}, }
@Type{ascii-067, field = {g}, }
@Type{ascii-068, field = {h}, }
@Type{ascii-069, field = {i}, }
@Type{ascii-06A, field = {j}, }
@Type{ascii-06B, field = {k}, }
@Type{ascii-06C, field = {l}, }
@Type{ascii-06D, field = {m}, }
@Type{ascii-06E, field = {n}, }
@Type{ascii-06F, field = {o}, }
@Type{ascii-070, field = {p}, }
@Type{ascii-071, field = {q}, }
@Type{ascii-072, field = {r}, }
@Type{ascii-073, field = {s}, }
@Type{ascii-074, field = {t}, }
@Type{ascii-075, field = {u}, }
@Type{ascii-076, field = {v}, }
@Type{ascii-077, field = {w}, }
@Type{ascii-078, field = {x}, }
@Type{ascii-079, field = {y}, }
@Type{ascii-07A, field = {z}, }
@Type{ascii-000, field = {0}, }
@Type{ascii-001, field = {1}, }
@Type{ascii-002, field = {2}, }
@Type{ascii-003, field = {3}, }
@Type{ascii-004, field = {4}, }
@Type{ascii-005, field = {5}, }
@Type{ascii-006, field = {6}, }
@Type{ascii-007, field = {7}, }
@Type{ascii-008, field = {8}, }
@Type{ascii-009, field = {9}, }

@Type{latin1-0A1, field = {¡}, }
@Type{latin1-0A3, field = {£}, }
@Type{latin1-0A7, field = {§}, }
@Type{latin1-0AB, field = {«}, }
@Type{latin1-0BB, field = {»}, }
@Type{latin1-0BF, field = {¿}, }
@Type{latin1-0C0, field = {À}, }
@Type{latin1-0C1, field = {Á}, }
@Type{latin1-0C2, field = {Â}, }
@Type{latin1-0C3, field = {Ã}, }
@Type{latin1-0C4, field = {Ä}, }
@Type{latin1-0C5, field = {Å}, }
@Type{latin1-0C6, field = {Æ}, }
@Type{latin1-0C7, field = {Ç}, }
@Type{latin1-0C8, field = {È}, }
@Type{latin1-0C9, field = {É}, }
@Type{latin1-0CA, field = {Ê}, }
@Type{latin1-0CB, field = {Ë}, }
@Type{latin1-0CC, field = {Ì}, }
@Type{latin1-0CD, field = {Í}, }
@Type{latin1-0CE, field = {Î}, }
@Type{latin1-0CF, field = {Ï}, }
@Type{latin1-0D0, field = {Ð}, }
@Type{latin1-0D1, field = {Ñ}, }
@Type{latin1-0D2, field = {Ò}, }
@Type{latin1-0D3, field = {Ó}, }
@Type{latin1-0D4, field = {Ô}, }
@Type{latin1-0D5, field = {Õ}, }
@Type{latin1-0D6, field = {Ö}, }
@Type{latin1-0D7, field = {×}, }
@Type{latin1-0D8, field = {Ø}, }
@Type{latin1-0D9, field = {Ù}, }
@Type{latin1-0DA, field = {Ú}, }
@Type{latin1-0DB, field = {Û}, }
@Type{latin1-0DC, field = {Ü}, }
@Type{latin1-0DD, field = {Ý}, }
@Type{latin1-0DE, field = {Þ}, }
@Type{latin1-0DF, field = {ß}, }
@Type{latin1-0E0, field = {à}, }
@Type{latin1-0E1, field = {á}, }
@Type{latin1-0E2, field = {â}, }
@Type{latin1-0E3, field = {ã}, }
@Type{latin1-0E4, field = {ä}, }
@Type{latin1-0E5, field = {å}, }
@Type{latin1-0E6, field = {æ}, }
@Type{latin1-0E7, field = {ç}, }
@Type{latin1-0E8, field = {è}, }
@Type{latin1-0E9, field = {é}, }
@Type{latin1-0EA, field = {ê}, }
@Type{latin1-0EB, field = {ë}, }
@Type{latin1-0EC, field = {ì}, }
@Type{latin1-0ED, field = {í}, }
@Type{latin1-0EE, field = {î}, }
@Type{latin1-0EF, field = {ï}, }
@Type{latin1-0F0, field = {ð}, }
@Type{latin1-0F1, field = {ñ}, }
@Type{latin1-0F2, field = {ò}, }
@Type{latin1-0F3, field = {ó}, }
@Type{latin1-0F4, field = {ô}, }
@Type{latin1-0F5, field = {õ}, }
@Type{latin1-0F6, field = {ö}, }
@Type{latin1-0F7, field = {÷}, }
@Type{latin1-0F8, field = {ø}, }
@Type{latin1-0F9, field = {ù}, }
@Type{latin1-0FA, field = {ú}, }
@Type{latin1-0FB, field = {û}, }
@Type{latin1-0FC, field = {ü}, }
@Type{latin1-0FD, field = {ý}, }
@Type{latin1-0FE, field = {þ}, }
@Type{latin1-0FF, field = {ÿ}, }

@Type{ascii-long-100,   field = {LONG long LONG long LONG long LONG long LONG long LONG long LONG long LONG long}, }
@Type{ascii-long-101,   field = {LONGlongLONGlongLONGlongLONGlongLONGlongLONGlongLONGlongLONGlong LONG long}, }
@Type{latin1-long-100,  field = {ÅÇÐÈ îøüý ÅÇÐÈ îøüý ÅÇÐÈ îøüý ÅÇÐÈ îøüý ÅÇÐÈ îøüý ÅÇÐÈ îøüý ÅÇÐÈ îøüý}, }
@Type{latin1-long-101,  field = {ÅÇÐÈîøüýÅÇÐÈîøüýÅÇÐÈîøüýÅÇÐÈîøüýÅÇÐÈîøüýÅÇÐÈîøüýÅÇÐÈîøüý ÅÇÐÈ îøüý}, }
