% $Id$
% Public domain. Submitted by Dmitry Zheleznyakov, 2021.

@article{li2018range,
  title={Fuzzing: a survey},
  author={Li, Jun and Zhao, Bodong and Zhang, Chao},
  journal={Cybersecurity},
  volume={1},
  number={1},
  pages={3--6},
  year={2018},
  publisher={Springer}
}
