% $Id: auxinclude.bib 47979 2018-06-10 22:13:16Z karl $
% Bibliography test file for bibtex-auxinclude.test (q.v.).
% Public domain. Originally written 2018, Karl Berry.

@misc{rmain, title="r-main", author="R. Main"}
@misc{rsub, title="r-sub", author="R. Sub"}
