@ARTICLE{2017ApJ...848L..12A,
       author = {{Abbott}, B.~P. and {Abbott}, R. and {Abbott}, T.~D. and {Acernese}, F. and
         {Ackley}, K. and {Adams}, C. and {Adams}, T. and {Addesso}, P. and
         {Adhikari}, R.~X. and {Adya}, V.~B. and {Affeldt}, C. and
         {Afrough}, M. and {Agarwal}, B. and {Agathos}, M. and {Agatsuma}, K. and
         {Aggarwal}, N. and {Aguiar}, O.~D. and {Aiello}, L. and {Ain}, A. and
         {Ajith}, P. and {Allen}, B. and {Allen}, G. and {Allocca}, A. and
         {Altin}, P.~A. and {Amato}, A. and {Ananyeva}, A. and
         {Anderson}, S.~B. and {Anderson}, W.~G. and {Angelova}, S.~V. and
         {Antier}, S. and {Appert}, S. and {Arai}, K. and {Araya}, M.~C. and
         {Areeda}, J.~S. and {Arnaud}, N. and {Arun}, K.~G. and {Ascenzi}, S. and
         {Ashton}, G. and {Ast}, M. and {Aston}, S.~M. and {Astone}, P. and
         {Atallah}, D.~V. and {Aufmuth}, P. and {Aulbert}, C. and
         {AultONeal}, K. and {Austin}, C. and {Avila-Alvarez}, A. and
         {Babak}, S. and {Bacon}, P. and {Bader}, M.~K.~M. and {Bae}, S. and
         {Baker}, P.~T. and {Baldaccini}, F. and {Ballardin}, G. and
         {Ballmer}, S.~W. and {Banagiri}, S. and {Barayoga}, J.~C. and
         {Barclay}, S.~E. and {Barish}, B.~C. and {Barker}, D. and
         {Barkett}, K. and {Barone}, F. and {Barr}, B. and {Barsotti}, L. and
         {Barsuglia}, M. and {Barta}, D. and {Barthelmy}, S.~D. and
         {Bartlett}, J. and {Bartos}, I. and {Bassiri}, R. and {Basti}, A. and
         {Batch}, J.~C. and {Bawaj}, M. and {Bayley}, J.~C. and {Bazzan}, M. and
         {B{\'e}csy}, B. and {Beer}, C. and {Bejger}, M. and {Belahcene}, I. and
         {Bell}, A.~S. and {Berger}, B.~K. and {Bergmann}, G. and {Bero}, J.~J. and
         {Berry}, C.~P.~L. and {Bersanetti}, D. and {Bertolini}, A. and
         {Betzwieser}, J. and {Bhagwat}, S. and {Bhandare}, R. and
         {Bilenko}, I.~A. and {Billingsley}, G. and {Billman}, C.~R. and
         {Birch}, J. and {Birney}, R. and {Birnholtz}, O. and {Biscans}, S. and
         {Biscoveanu}, S. and {Bisht}, A. and {Bitossi}, M. and {Biwer}, C. and
         {Bizouard}, M.~A. and {Blackburn}, J.~K. and {Blackman}, J. and
         {Blair}, C.~D. and {Blair}, D.~G. and {Blair}, R.~M. and {Bloemen}, S. and
         {Bock}, O. and {Bode}, N. and {Boer}, M. and {Bogaert}, G. and
         {Bohe}, A. and {Bondu}, F. and {Bonilla}, E. and {Bonnand}, R. and
         {Boom}, B.~A. and {Bork}, R. and {Boschi}, V. and {Bose}, S. and
         {Bossie}, K. and {Bouffanais}, Y. and {Bozzi}, A. and {Bradaschia}, C. and
         {Brady}, P.~R. and {Branchesi}, M. and {Brau}, J.~E. and {Briant}, T. and
         {Brillet}, A. and {Brinkmann}, M. and {Brisson}, V. and {Brockill}, P. and
         {Broida}, J.~E. and {Brooks}, A.~F. and {Brown}, D.~A. and
         {Brown}, D.~D. and {Brunett}, S. and {Buchanan}, C.~C. and
         {Buikema}, A. and {Bulik}, T. and {Bulten}, H.~J. and {Buonanno}, A. and
         {Buskulic}, D. and {Buy}, C. and {Byer}, R.~L. and {Cabero}, M. and
         {Cadonati}, L. and {Cagnoli}, G. and {Cahillane}, C. and
         {Calder{\'o}n Bustillo}, J. and {Callister}, T.~A. and {Calloni}, E. and
         {Camp}, J.~B. and {Canepa}, M. and {Canizares}, P. and {Cannon}, K.~C. and
         {Cao}, H. and {Cao}, J. and {Capano}, C.~D. and {Capocasa}, E. and
         {Carbognani}, F. and {Caride}, S. and {Carney}, M.~F. and
         {Casanueva Diaz}, J. and {Casentini}, C. and {Caudill}, S. and
         {Cavagli{\`a}}, M. and {Cavalier}, F. and {Cavalieri}, R. and
         {Cella}, G. and {Cepeda}, C.~B. and {Cerd{\'a}-Dur{\'a}n}, P. and
         {Cerretani}, G. and {Cesarini}, E. and {Chamberlin}, S.~J. and
         {Chan}, M. and {Chao}, S. and {Charlton}, P. and {Chase}, E. and {Chassand
        e-Mottin}, E. and {Chatterjee}, D. and {Chatziioannou}, K. and
         {Cheeseboro}, B.~D. and {Chen}, H.~Y. and {Chen}, X. and {Chen}, Y. and
         {Cheng}, H. -P. and {Chia}, H. and {Chincarini}, A. and {Chiummo}, A. and
         {Chmiel}, T. and {Cho}, H.~S. and {Cho}, M. and {Chow}, J.~H. and
         {Christensen}, N. and {Chu}, Q. and {Chua}, A.~J.~K. and {Chua}, S. and
         {Chung}, A.~K.~W. and {Chung}, S. and {Ciani}, G. and {Ciolfi}, R. and
         {Cirelli}, C.~E. and {Cirone}, A. and {Clara}, F. and {Clark}, J.~A. and
         {Clearwater}, P. and {Cleva}, F. and {Cocchieri}, C. and {Coccia}, E. and
         {Cohadon}, P. -F. and {Cohen}, D. and {Colla}, A. and
         {Collette}, C.~G. and {Cominsky}, L.~R. and {Constancio}, M., Jr. and
         {Conti}, L. and {Cooper}, S.~J. and {Corban}, P. and {Corbitt}, T.~R. and
         {Cordero-Carri{\'o}n}, I. and {Corley}, K.~R. and {Cornish}, N. and
         {Corsi}, A. and {Cortese}, S. and {Costa}, C.~A. and {Coughlin}, M.~W. and
         {Coughlin}, S.~B. and {Coulon}, J. -P. and {Countryman}, S.~T. and
         {Couvares}, P. and {Covas}, P.~B. and {Cowan}, E.~E. and
         {Coward}, D.~M. and {Cowart}, M.~J. and {Coyne}, D.~C. and {Coyne}, R. and
         {Creighton}, J.~D.~E. and {Creighton}, T.~D. and {Cripe}, J. and
         {Crowder}, S.~G. and {Cullen}, T.~J. and {Cumming}, A. and
         {Cunningham}, L. and {Cuoco}, E. and {Dal Canton}, T. and
         {D{\'a}lya}, G. and {Danilishin}, S.~L. and {D'Antonio}, S. and
         {Danzmann}, K. and {Dasgupta}, A. and {Da Silva Costa}, C.~F. and
         {Dattilo}, V. and {Dave}, I. and {Davier}, M. and {Davis}, D. and
         {Daw}, E.~J. and {Day}, B. and {De}, S. and {DeBra}, D. and
         {Degallaix}, J. and {De Laurentis}, M. and {Del{\'e}glise}, S. and
         {Del Pozzo}, W. and {Demos}, N. and {Denker}, T. and {Dent}, T. and
         {De Pietri}, R. and {Dergachev}, V. and {De Rosa}, R. and
         {DeRosa}, R.~T. and {De Rossi}, C. and {DeSalvo}, R. and
         {de Varona}, O. and {Devenson}, J. and {Dhurandhar}, S. and
         {D{\'\i}az}, M.~C. and {Di Fiore}, L. and {Di Giovanni}, M. and
         {Di Girolamo}, T. and {Di Lieto}, A. and {Di Pace}, S. and
         {Di Palma}, I. and {Di Renzo}, F. and {Doctor}, Z. and {Dolique}, V. and
         {Donovan}, F. and {Dooley}, K.~L. and {Doravari}, S. and
         {Dorrington}, I. and {Douglas}, R. and {Dovale {\'A}lvarez}, M. and
         {Downes}, T.~P. and {Drago}, M. and {Dreissigacker}, C. and
         {Driggers}, J.~C. and {Du}, Z. and {Ducrot}, M. and {Dupej}, P. and
         {Dwyer}, S.~E. and {Edo}, T.~B. and {Edwards}, M.~C. and {Effler}, A. and
         {Ehrens}, P. and {Eichholz}, J. and {Eikenberry}, S.~S. and
         {Eisenstein}, R.~A. and {Essick}, R.~C. and {Estevez}, D. and
         {Etienne}, Z.~B. and {Etzel}, T. and {Evans}, M. and {Evans}, T.~M. and
         {Factourovich}, M. and {Fafone}, V. and {Fair}, H. and {Fairhurst}, S. and
         {Fan}, X. and {Farinon}, S. and {Farr}, B. and {Farr}, W.~M. and
         {Fauchon-Jones}, E.~J. and {Favata}, M. and {Fays}, M. and {Fee}, C. and
         {Fehrmann}, H. and {Feicht}, J. and {Fejer}, M.~M. and {Fernand
        ez-Galiana}, A. and {Ferrante}, I. and {Ferreira}, E.~C. and
         {Ferrini}, F. and {Fidecaro}, F. and {Finstad}, D. and {Fiori}, I. and
         {Fiorucci}, D. and {Fishbach}, M. and {Fisher}, R.~P. and
         {Fitz-Axen}, M. and {Flaminio}, R. and {Fletcher}, M. and {Fong}, H. and
         {Font}, J.~A. and {Forsyth}, P.~W.~F. and {Forsyth}, S.~S. and
         {Fournier}, J. -D. and {Frasca}, S. and {Frasconi}, F. and {Frei}, Z. and
         {Freise}, A. and {Frey}, R. and {Frey}, V. and {Fries}, E.~M. and
         {Fritschel}, P. and {Frolov}, V.~V. and {Fulda}, P. and {Fyffe}, M. and
         {Gabbard}, H. and {Gadre}, B.~U. and {Gaebel}, S.~M. and {Gair}, J.~R. and
         {Gammaitoni}, L. and {Ganija}, M.~R. and {Gaonkar}, S.~G. and
         {Garcia-Quiros}, C. and {Garufi}, F. and {Gateley}, B. and
         {Gaudio}, S. and {Gaur}, G. and {Gayathri}, V. and {Gehrels}, N. and
         {Gemme}, G. and {Genin}, E. and {Gennai}, A. and {George}, D. and
         {George}, J. and {Gergely}, L. and {Germain}, V. and {Ghonge}, S. and
         {Ghosh}, Abhirup and {Ghosh}, Archisman and {Ghosh}, S. and
         {Giaime}, J.~A. and {Giardina}, K.~D. and {Giazotto}, A. and
         {Gill}, K. and {Glover}, L. and {Goetz}, E. and {Goetz}, R. and
         {Gomes}, S. and {Goncharov}, B. and {Gonz{\'a}lez}, G. and
         {Gonzalez Castro}, J.~M. and {Gopakumar}, A. and {Gorodetsky}, M.~L. and
         {Gossan}, S.~E. and {Gosselin}, M. and {Gouaty}, R. and {Grado}, A. and
         {Graef}, C. and {Granata}, M. and {Grant}, A. and {Gras}, S. and
         {Gray}, C. and {Greco}, G. and {Green}, A.~C. and {Gretarsson}, E.~M. and
         {Griswold}, B. and {Groot}, P. and {Grote}, H. and {Grunewald}, S. and
         {Gruning}, P. and {Guidi}, G.~M. and {Guo}, X. and {Gupta}, A. and
         {Gupta}, M.~K. and {Gushwa}, K.~E. and {Gustafson}, E.~K. and
         {Gustafson}, R. and {Halim}, O. and {Hall}, B.~R. and {Hall}, E.~D. and
         {Hamilton}, E.~Z. and {Hammond}, G. and {Haney}, M. and {Hanke}, M.~M. and
         {Hanks}, J. and {Hanna}, C. and {Hannam}, M.~D. and
         {Hannuksela}, O.~A. and {Hanson}, J. and {Hardwick}, T. and
         {Harms}, J. and {Harry}, G.~M. and {Harry}, I.~W. and {Hart}, M.~J. and
         {Haster}, C. -J. and {Haughian}, K. and {Healy}, J. and {Heidmann}, A. and
         {Heintze}, M.~C. and {Heitmann}, H. and {Hello}, P. and {Hemming}, G. and
         {Hendry}, M. and {Heng}, I.~S. and {Hennig}, J. and
         {Heptonstall}, A.~W. and {Heurs}, M. and {Hild}, S. and {Hinderer}, T. and
         {Hoak}, D. and {Hofman}, D. and {Holt}, K. and {Holz}, D.~E. and
         {Hopkins}, P. and {Horst}, C. and {Hough}, J. and {Houston}, E.~A. and
         {Howell}, E.~J. and {Hreibi}, A. and {Hu}, Y.~M. and {Huerta}, E.~A. and
         {Huet}, D. and {Hughey}, B. and {Husa}, S. and {Huttner}, S.~H. and
         {Huynh-Dinh}, T. and {Indik}, N. and {Inta}, R. and {Intini}, G. and
         {Isa}, H.~N. and {Isac}, J. -M. and {Isi}, M. and {Iyer}, B.~R. and
         {Izumi}, K. and {Jacqmin}, T. and {Jani}, K. and {Jaranowski}, P. and
         {Jawahar}, S. and {Jim{\'e}nez-Forteza}, F. and {Johnson}, W.~W. and
         {Jones}, D.~I. and {Jones}, R. and {Jonker}, R.~J.~G. and {Ju}, L. and
         {Junker}, J. and {Kalaghatgi}, C.~V. and {Kalogera}, V. and
         {Kamai}, B. and {Kandhasamy}, S. and {Kang}, G. and {Kanner}, J.~B. and
         {Kapadia}, S.~J. and {Karki}, S. and {Karvinen}, K.~S. and
         {Kasprzack}, M. and {Katolik}, M. and {Katsavounidis}, E. and
         {Katzman}, W. and {Kaufer}, S. and {Kawabe}, K. and
         {K{\'e}f{\'e}lian}, F. and {Keitel}, D. and {Kemball}, A.~J. and
         {Kennedy}, R. and {Kent}, C. and {Key}, J.~S. and {Khalili}, F.~Y. and
         {Khan}, I. and {Khan}, S. and {Khan}, Z. and {Khazanov}, E.~A. and
         {Kijbunchoo}, N. and {Kim}, Chunglee and {Kim}, J.~C. and {Kim}, K. and
         {Kim}, W. and {Kim}, W.~S. and {Kim}, Y. -M. and {Kimbrell}, S.~J. and
         {King}, E.~J. and {King}, P.~J. and {Kinley-Hanlon}, M. and
         {Kirchhoff}, R. and {Kissel}, J.~S. and {Kleybolte}, L. and
         {Klimenko}, S. and {Knowles}, T.~D. and {Koch}, P. and
         {Koehlenbeck}, S.~M. and {Koley}, S. and {Kondrashov}, V. and
         {Kontos}, A. and {Korobko}, M. and {Korth}, W.~Z. and {Kowalska}, I. and
         {Kozak}, D.~B. and {Kr{\"a}mer}, C. and {Kringel}, V. and
         {Krishnan}, B. and {Kr{\'o}lak}, A. and {Kuehn}, G. and {Kumar}, P. and
         {Kumar}, R. and {Kumar}, S. and {Kuo}, L. and {Kutynia}, A. and
         {Kwang}, S. and {Lackey}, B.~D. and {Lai}, K.~H. and {Landry}, M. and
         {Lang}, R.~N. and {Lange}, J. and {Lantz}, B. and {Lanza}, R.~K. and
         {Larson}, S.~L. and {Lartaux-Vollard}, A. and {Lasky}, P.~D. and
         {Laxen}, M. and {Lazzarini}, A. and {Lazzaro}, C. and {Leaci}, P. and
         {Leavey}, S. and {Lee}, C.~H. and {Lee}, H.~K. and {Lee}, H.~M. and
         {Lee}, H.~W. and {Lee}, K. and {Lehmann}, J. and {Lenon}, A. and
         {Leonardi}, M. and {Leroy}, N. and {Letendre}, N. and {Levin}, Y. and
         {Li}, T.~G.~F. and {Linker}, S.~D. and {Littenberg}, T.~B. and
         {Liu}, J. and {Lo}, R.~K.~L. and {Lockerbie}, N.~A. and
         {London}, L.~T. and {Lord}, J.~E. and {Lorenzini}, M. and
         {Loriette}, V. and {Lormand}, M. and {Losurdo}, G. and {Lough}, J.~D. and
         {Lousto}, C.~O. and {Lovelace}, G. and {L{\"u}ck}, H. and {Lumaca}, D. and
         {Lundgren}, A.~P. and {Lynch}, R. and {Ma}, Y. and {Macas}, R. and
         {Macfoy}, S. and {Machenschalk}, B. and {MacInnis}, M. and
         {Macleod}, D.~M. and {Maga{\~n}a Hernandez}, I. and {Maga{\~n}a-Sand
        oval}, F. and {Maga{\~n}a Zertuche}, L. and {Magee}, R.~M. and
         {Majorana}, E. and {Maksimovic}, I. and {Man}, N. and {Mandic}, V. and
         {Mangano}, V. and {Mansell}, G.~L. and {Manske}, M. and
         {Mantovani}, M. and {Marchesoni}, F. and {Marion}, F. and
         {M{\'a}rka}, S. and {M{\'a}rka}, Z. and {Markakis}, C. and
         {Markosyan}, A.~S. and {Markowitz}, A. and {Maros}, E. and
         {Marquina}, A. and {Marsh}, P. and {Martelli}, F. and {Martellini}, L. and
         {Martin}, I.~W. and {Martin}, R.~M. and {Martynov}, D.~V. and
         {Mason}, K. and {Massera}, E. and {Masserot}, A. and
         {Massinger}, T.~J. and {Masso-Reid}, M. and {Mastrogiovanni}, S. and
         {Matas}, A. and {Matichard}, F. and {Matone}, L. and {Mavalvala}, N. and
         {Mazumder}, N. and {McCarthy}, R. and {McClelland}, D.~E. and
         {McCormick}, S. and {McCuller}, L. and {McGuire}, S.~C. and
         {McIntyre}, G. and {McIver}, J. and {McManus}, D.~J. and {McNeill}, L. and
         {McRae}, T. and {McWilliams}, S.~T. and {Meacher}, D. and
         {Meadors}, G.~D. and {Mehmet}, M. and {Meidam}, J. and
         {Mejuto-Villa}, E. and {Melatos}, A. and {Mendell}, G. and
         {Mercer}, R.~A. and {Merilh}, E.~L. and {Merzougui}, M. and
         {Meshkov}, S. and {Messenger}, C. and {Messick}, C. and
         {Metzdorff}, R. and {Meyers}, P.~M. and {Miao}, H. and {Michel}, C. and
         {Middleton}, H. and {Mikhailov}, E.~E. and {Milano}, L. and
         {Miller}, A.~L. and {Miller}, B.~B. and {Miller}, J. and
         {Millhouse}, M. and {Milovich-Goff}, M.~C. and {Minazzoli}, O. and
         {Minenkov}, Y. and {Ming}, J. and {Mishra}, C. and {Mitra}, S. and
         {Mitrofanov}, V.~P. and {Mitselmakher}, G. and {Mittleman}, R. and
         {Moffa}, D. and {Moggi}, A. and {Mogushi}, K. and {Mohan}, M. and
         {Mohapatra}, S.~R.~P. and {Montani}, M. and {Moore}, C.~J. and
         {Moraru}, D. and {Moreno}, G. and {Morriss}, S.~R. and {Mours}, B. and
         {Mow-Lowry}, C.~M. and {Mueller}, G. and {Muir}, A.~W. and
         {Mukherjee}, Arunava and {Mukherjee}, D. and {Mukherjee}, S. and
         {Mukund}, N. and {Mullavey}, A. and {Munch}, J. and {Mu{\~n}iz}, E.~A. and
         {Muratore}, M. and {Murray}, P.~G. and {Napier}, K. and
         {Nardecchia}, I. and {Naticchioni}, L. and {Nayak}, R.~K. and
         {Neilson}, J. and {Nelemans}, G. and {Nelson}, T.~J.~N. and {Nery}, M. and
         {Neunzert}, A. and {Nevin}, L. and {Newport}, J.~M. and {Newton}, G. and
         {Ng}, K.~K.~Y. and {Nguyen}, P. and {Nguyen}, T.~T. and {Nichols}, D. and
         {Nielsen}, A.~B. and {Nissanke}, S. and {Nitz}, A. and {Noack}, A. and
         {Nocera}, F. and {Nolting}, D. and {North}, C. and {Nuttall}, L.~K. and
         {Oberling}, J. and {O'Dea}, G.~D. and {Ogin}, G.~H. and {Oh}, J.~J. and
         {Oh}, S.~H. and {Ohme}, F. and {Okada}, M.~A. and {Oliver}, M. and
         {Oppermann}, P. and {Oram}, Richard J. and {O'Reilly}, B. and
         {Ormiston}, R. and {Ortega}, L.~F. and {O'Shaughnessy}, R. and
         {Ossokine}, S. and {Ottaway}, D.~J. and {Overmier}, H. and
         {Owen}, B.~J. and {Pace}, A.~E. and {Page}, J. and {Page}, M.~A. and
         {Pai}, A. and {Pai}, S.~A. and {Palamos}, J.~R. and {Palashov}, O. and
         {Palomba}, C. and {Pal-Singh}, A. and {Pan}, Howard and
         {Pan}, Huang-Wei and {Pang}, B. and {Pang}, P.~T.~H. and {Pankow}, C. and
         {Pannarale}, F. and {Pant}, B.~C. and {Paoletti}, F. and {Paoli}, A. and
         {Papa}, M.~A. and {Parida}, A. and {Parker}, W. and {Pascucci}, D. and
         {Pasqualetti}, A. and {Passaquieti}, R. and {Passuello}, D. and
         {Patil}, M. and {Patricelli}, B. and {Pearlstone}, B.~L. and
         {Pedraza}, M. and {Pedurand}, R. and {Pekowsky}, L. and {Pele}, A. and
         {Penn}, S. and {Perez}, C.~J. and {Perreca}, A. and {Perri}, L.~M. and
         {Pfeiffer}, H.~P. and {Phelps}, M. and {Piccinni}, O.~J. and
         {Pichot}, M. and {Piergiovanni}, F. and {Pierro}, V. and {Pillant}, G. and
         {Pinard}, L. and {Pinto}, I.~M. and {Pirello}, M. and {Pitkin}, M. and
         {Poe}, M. and {Poggiani}, R. and {Popolizio}, P. and {Porter}, E.~K. and
         {Post}, A. and {Powell}, J. and {Prasad}, J. and {Pratt}, J.~W.~W. and
         {Pratten}, G. and {Predoi}, V. and {Prestegard}, T. and {Price}, L.~R. and
         {Prijatelj}, M. and {Principe}, M. and {Privitera}, S. and
         {Prodi}, G.~A. and {Prokhorov}, L.~G. and {Puncken}, O. and
         {Punturo}, M. and {Puppo}, P. and {P{\"u}rrer}, M. and {Qi}, H. and
         {Quetschke}, V. and {Quintero}, E.~A. and {Quitzow-James}, R. and
         {Raab}, F.~J. and {Rabeling}, D.~S. and {Radkins}, H. and {Raffai}, P. and
         {Raja}, S. and {Rajan}, C. and {Rajbhandari}, B. and {Rakhmanov}, M. and
         {Ramirez}, K.~E. and {Ramos-Buades}, A. and {Rapagnani}, P. and
         {Raymond}, V. and {Razzano}, M. and {Read}, J. and {Regimbau}, T. and
         {Rei}, L. and {Reid}, S. and {Reitze}, D.~H. and {Ren}, W. and
         {Reyes}, S.~D. and {Ricci}, F. and {Ricker}, P.~M. and {Rieger}, S. and
         {Riles}, K. and {Rizzo}, M. and {Robertson}, N.~A. and {Robie}, R. and
         {Robinet}, F. and {Rocchi}, A. and {Rolland}, L. and {Rollins}, J.~G. and
         {Roma}, V.~J. and {Romano}, R. and {Romel}, C.~L. and {Romie}, J.~H. and
         {Rosi{\'n}ska}, D. and {Ross}, M.~P. and {Rowan}, S. and
         {R{\"u}diger}, A. and {Ruggi}, P. and {Rutins}, G. and {Ryan}, K. and
         {Sachdev}, S. and {Sadecki}, T. and {Sadeghian}, L. and
         {Sakellariadou}, M. and {Salconi}, L. and {Saleem}, M. and
         {Salemi}, F. and {Samajdar}, A. and {Sammut}, L. and {Sampson}, L.~M. and
         {Sanchez}, E.~J. and {Sanchez}, L.~E. and {Sanchis-Gual}, N. and {Sand
        berg}, V. and {Sanders}, J.~R. and {Sassolas}, B. and
         {Sathyaprakash}, B.~S. and {Saulson}, P.~R. and {Sauter}, O. and
         {Savage}, R.~L. and {Sawadsky}, A. and {Schale}, P. and {Scheel}, M. and
         {Scheuer}, J. and {Schmidt}, J. and {Schmidt}, P. and {Schnabel}, R. and
         {Schofield}, R.~M.~S. and {Sch{\"o}nbeck}, A. and {Schreiber}, E. and
         {Schuette}, D. and {Schulte}, B.~W. and {Schutz}, B.~F. and
         {Schwalbe}, S.~G. and {Scott}, J. and {Scott}, S.~M. and {Seidel}, E. and
         {Sellers}, D. and {Sengupta}, A.~S. and {Sentenac}, D. and
         {Sequino}, V. and {Sergeev}, A. and {Shaddock}, D.~A. and
         {Shaffer}, T.~J. and {Shah}, A.~A. and {Shahriar}, M.~S. and
         {Shaner}, M.~B. and {Shao}, L. and {Shapiro}, B. and {Shawhan}, P. and
         {Sheperd}, A. and {Shoemaker}, D.~H. and {Shoemaker}, D.~M. and
         {Siellez}, K. and {Siemens}, X. and {Sieniawska}, M. and {Sigg}, D. and
         {Silva}, A.~D. and {Singer}, L.~P. and {Singh}, A. and {Singhal}, A. and
         {Sintes}, A.~M. and {Slagmolen}, B.~J.~J. and {Smith}, B. and
         {Smith}, J.~R. and {Smith}, R.~J.~E. and {Somala}, S. and {Son}, E.~J. and
         {Sonnenberg}, J.~A. and {Sorazu}, B. and {Sorrentino}, F. and
         {Souradeep}, T. and {Spencer}, A.~P. and {Srivastava}, A.~K. and
         {Staats}, K. and {Staley}, A. and {Steinke}, M. and {Steinlechner}, J. and
         {Steinlechner}, S. and {Steinmeyer}, D. and {Stevenson}, S.~P. and
         {Stone}, R. and {Stops}, D.~J. and {Strain}, K.~A. and {Stratta}, G. and
         {Strigin}, S.~E. and {Strunk}, A. and {Sturani}, R. and
         {Stuver}, A.~L. and {Summerscales}, T.~Z. and {Sun}, L. and
         {Sunil}, S. and {Suresh}, J. and {Sutton}, P.~J. and {Swinkels}, B.~L. and
         {Szczepa{\'n}czyk}, M.~J. and {Tacca}, M. and {Tait}, S.~C. and
         {Talbot}, C. and {Talukder}, D. and {Tanner}, D.~B. and
         {T{\'a}pai}, M. and {Taracchini}, A. and {Tasson}, J.~D. and
         {Taylor}, J.~A. and {Taylor}, R. and {Tewari}, S.~V. and {Theeg}, T. and
         {Thies}, F. and {Thomas}, E.~G. and {Thomas}, M. and {Thomas}, P. and
         {Thorne}, K.~A. and {Thorne}, K.~S. and {Thrane}, E. and {Tiwari}, S. and
         {Tiwari}, V. and {Tokmakov}, K.~V. and {Toland}, K. and {Tonelli}, M. and
         {Tornasi}, Z. and {Torres-Forn{\'e}}, A. and {Torrie}, C.~I. and
         {T{\"o}yr{\"a}}, D. and {Travasso}, F. and {Traylor}, G. and
         {Trinastic}, J. and {Tringali}, M.~C. and {Trozzo}, L. and
         {Tsang}, K.~W. and {Tse}, M. and {Tso}, R. and {Tsukada}, L. and
         {Tsuna}, D. and {Tuyenbayev}, D. and {Ueno}, K. and {Ugolini}, D. and
         {Unnikrishnan}, C.~S. and {Urban}, A.~L. and {Usman}, S.~A. and
         {Vahlbruch}, H. and {Vajente}, G. and {Valdes}, G. and {van Bakel}, N. and
         {van Beuzekom}, M. and {van den Brand}, J.~F.~J. and
         {Van Den Broeck}, C. and {Vander-Hyde}, D.~C. and {van der Schaaf}, L. and
         {van Heijningen}, J.~V. and {van Veggel}, A.~A. and {Vardaro}, M. and
         {Varma}, V. and {Vass}, S. and {Vas{\'u}th}, M. and {Vecchio}, A. and
         {Vedovato}, G. and {Veitch}, J. and {Veitch}, P.~J. and
         {Venkateswara}, K. and {Venugopalan}, G. and {Verkindt}, D. and
         {Vetrano}, F. and {Vicer{\'e}}, A. and {Viets}, A.~D. and
         {Vinciguerra}, S. and {Vine}, D.~J. and {Vinet}, J. -Y. and
         {Vitale}, S. and {Vo}, T. and {Vocca}, H. and {Vorvick}, C. and
         {Vyatchanin}, S.~P. and {Wade}, A.~R. and {Wade}, L.~E. and {Wade}, M. and
         {Walet}, R. and {Walker}, M. and {Wallace}, L. and {Walsh}, S. and
         {Wang}, G. and {Wang}, H. and {Wang}, J.~Z. and {Wang}, W.~H. and
         {Wang}, Y.~F. and {Ward}, R.~L. and {Warner}, J. and {Was}, M. and
         {Watchi}, J. and {Weaver}, B. and {Wei}, L. -W. and {Weinert}, M. and
         {Weinstein}, A.~J. and {Weiss}, R. and {Wen}, L. and {Wessel}, E.~K. and
         {Wessels}, P. and {Westerweck}, J. and {Westphal}, T. and {Wette}, K. and
         {Whelan}, J.~T. and {Whitcomb}, S.~E. and {Whiting}, B.~F. and
         {Whittle}, C. and {Wilken}, D. and {Williams}, D. and
         {Williams}, R.~D. and {Williamson}, A.~R. and {Willis}, J.~L. and
         {Willke}, B. and {Wimmer}, M.~H. and {Winkler}, W. and {Wipf}, C.~C. and
         {Wittel}, H. and {Woan}, G. and {Woehler}, J. and {Wofford}, J. and
         {Wong}, K.~W.~K. and {Worden}, J. and {Wright}, J.~L. and {Wu}, D.~S. and
         {Wysocki}, D.~M. and {Xiao}, S. and {Yamamoto}, H. and {Yancey}, C.~C. and
         {Yang}, L. and {Yap}, M.~J. and {Yazback}, M. and {Yu}, Hang and
         {Yu}, Haocun and {Yvert}, M. and {Zadro{\.z}ny}, A. and {Zanolin}, M. and
         {Zelenova}, T. and {Zendri}, J. -P. and {Zevin}, M. and {Zhang}, L. and
         {Zhang}, M. and {Zhang}, T. and {Zhang}, Y. -H. and {Zhao}, C. and
         {Zhou}, M. and {Zhou}, Z. and {Zhu}, S.~J. and {Zhu}, X.~J. and
         {Zimmerman}, A.~B. and {Zucker}, M.~E. and {Zweizig}, J. and
         {LIGO Scientific Collaboration} and {Virgo Collaboration} and
         {Wilson-Hodge}, C.~A. and {Bissaldi}, E. and {Blackburn}, L. and
         {Briggs}, M.~S. and {Burns}, E. and {Cleveland}, W.~H. and
         {Connaughton}, V. and {Gibby}, M.~H. and {Giles}, M.~M. and
         {Goldstein}, A. and {Hamburg}, R. and {Jenke}, P. and {Hui}, C.~M. and
         {Kippen}, R.~M. and {Kocevski}, D. and {McBreen}, S. and
         {Meegan}, C.~A. and {Paciesas}, W.~S. and {Poolakkil}, S. and
         {Preece}, R.~D. and {Racusin}, J. and {Roberts}, O.~J. and
         {Stanbro}, M. and {Veres}, P. and {von Kienlin}, A. and {GBM}, Fermi and
         {Savchenko}, V. and {Ferrigno}, C. and {Kuulkers}, E. and
         {Bazzano}, A. and {Bozzo}, E. and {Brandt}, S. and {Chenevez}, J. and
         {Courvoisier}, T.~J. -L. and {Diehl}, R. and {Domingo}, A. and
         {Hanlon}, L. and {Jourdain}, E. and {Laurent}, P. and {Lebrun}, F. and
         {Lutovinov}, A. and {Martin-Carrillo}, A. and {Mereghetti}, S. and
         {Natalucci}, L. and {Rodi}, J. and {Roques}, J. -P. and {Sunyaev}, R. and
         {Ubertini}, P. and {INTEGRAL} and {Aartsen}, M.~G. and {Ackermann}, M. and
         {Adams}, J. and {Aguilar}, J.~A. and {Ahlers}, M. and {Ahrens}, M. and
         {Samarai}, I. Al and {Altmann}, D. and {Andeen}, K. and {Anderson}, T. and
         {Ansseau}, I. and {Anton}, G. and {Arg{\"u}elles}, C. and
         {Auffenberg}, J. and {Axani}, S. and {Bagherpour}, H. and {Bai}, X. and
         {Barron}, J.~P. and {Barwick}, S.~W. and {Baum}, V. and {Bay}, R. and
         {Beatty}, J.~J. and {Becker Tjus}, J. and {Bernardini}, E. and
         {Besson}, D.~Z. and {Binder}, G. and {Bindig}, D. and {Blaufuss}, E. and
         {Blot}, S. and {Bohm}, C. and {B{\"o}rner}, M. and {Bos}, F. and
         {Bose}, D. and {B{\"o}ser}, S. and {Botner}, O. and {Bourbeau}, E. and
         {Bourbeau}, J. and {Bradascio}, F. and {Braun}, J. and {Brayeur}, L. and
         {Brenzke}, M. and {Bretz}, H. -P. and {Bron}, S. and
         {Brostean-Kaiser}, J. and {Burgman}, A. and {Carver}, T. and
         {Casey}, J. and {Casier}, M. and {Cheung}, E. and {Chirkin}, D. and
         {Christov}, A. and {Clark}, K. and {Classen}, L. and {Coenders}, S. and
         {Collin}, G.~H. and {Conrad}, J.~M. and {Cowen}, D.~F. and {Cross}, R. and
         {Day}, M. and {de Andr{\'e}}, J.~P.~A.~M. and {De Clercq}, C. and
         {DeLaunay}, J.~J. and {Dembinski}, H. and {De Ridder}, S. and
         {Desiati}, P. and {de Vries}, K.~D. and {de Wasseige}, G. and
         {de With}, M. and {DeYoung}, T. and {D{\'\i}az-V{\'e}lez}, J.~C. and
         {di Lorenzo}, V. and {Dujmovic}, H. and {Dumm}, J.~P. and
         {Dunkman}, M. and {Dvorak}, E. and {Eberhardt}, B. and {Ehrhardt}, T. and
         {Eichmann}, B. and {Eller}, P. and {Evenson}, P.~A. and {Fahey}, S. and
         {Fazely}, A.~R. and {Felde}, J. and {Filimonov}, K. and {Finley}, C. and
         {Flis}, S. and {Franckowiak}, A. and {Friedman}, E. and {Fuchs}, T. and
         {Gaisser}, T.~K. and {Gallagher}, J. and {Gerhardt}, L. and
         {Ghorbani}, K. and {Giang}, W. and {Glauch}, T. and
         {Gl{\"u}senkamp}, T. and {Goldschmidt}, A. and {Gonzalez}, J.~G. and
         {Grant}, D. and {Griffith}, Z. and {Haack}, C. and {Hallgren}, A. and
         {Halzen}, F. and {Hanson}, K. and {Hebecker}, D. and {Heereman}, D. and
         {Helbing}, K. and {Hellauer}, R. and {Hickford}, S. and {Hignight}, J. and
         {Hill}, G.~C. and {Hoffman}, K.~D. and {Hoffmann}, R. and
         {Hokanson-Fasig}, B. and {Hoshina}, K. and {Huang}, F. and {Huber}, M. and
         {Hultqvist}, K. and {H{\"u}nnefeld}, M. and {In}, S. and
         {Ishihara}, A. and {Jacobi}, E. and {Japaridze}, G.~S. and {Jeong}, M. and
         {Jero}, K. and {Jones}, B.~J.~P. and {Kalaczynski}, P. and {Kang}, W. and
         {Kappes}, A. and {Karg}, T. and {Karle}, A. and {Kauer}, M. and
         {Keivani}, A. and {Kelley}, J.~L. and {Kheirandish}, A. and {Kim}, J. and
         {Kim}, M. and {Kintscher}, T. and {Kiryluk}, J. and {Kittler}, T. and
         {Klein}, S.~R. and {Kohnen}, G. and {Koirala}, R. and {Kolanoski}, H. and
         {K{\"o}pke}, L. and {Kopper}, C. and {Kopper}, S. and
         {Koschinsky}, J.~P. and {Koskinen}, D.~J. and {Kowalski}, M. and
         {Krings}, K. and {Kroll}, M. and {Kr{\"u}ckl}, G. and {Kunnen}, J. and
         {Kunwar}, S. and {Kurahashi}, N. and {Kuwabara}, T. and {Kyriacou}, A. and
         {Labare}, M. and {Lanfranchi}, J.~L. and {Larson}, M.~J. and
         {Lauber}, F. and {Lesiak-Bzdak}, M. and {Leuermann}, M. and
         {Liu}, Q.~R. and {Lu}, L. and {L{\"u}nemann}, J. and {Luszczak}, W. and
         {Madsen}, J. and {Maggi}, G. and {Mahn}, K.~B.~M. and {Mancina}, S. and
         {Maruyama}, R. and {Mase}, K. and {Maunu}, R. and {McNally}, F. and
         {Meagher}, K. and {Medici}, M. and {Meier}, M. and {Menne}, T. and
         {Merino}, G. and {Meures}, T. and {Miarecki}, S. and {Micallef}, J. and
         {Moment{\'e}}, G. and {Montaruli}, T. and {Moore}, R.~W. and
         {Moulai}, M. and {Nahnhauer}, R. and {Nakarmi}, P. and {Naumann}, U. and
         {Neer}, G. and {Niederhausen}, H. and {Nowicki}, S.~C. and
         {Nygren}, D.~R. and {Obertacke Pollmann}, A. and {Olivas}, A. and
         {O'Murchadha}, A. and {Palczewski}, T. and {Pandya}, H. and
         {Pankova}, D.~V. and {Peiffer}, P. and {Pepper}, J.~A. and
         {P{\'e}rez de los Heros}, C. and {Pieloth}, D. and {Pinat}, E. and
         {Price}, P.~B. and {Przybylski}, G.~T. and {Raab}, C. and
         {R{\"a}del}, L. and {Rameez}, M. and {Rawlins}, K. and {Rea}, I.~C. and
         {Reimann}, R. and {Relethford}, B. and {Relich}, M. and {Resconi}, E. and
         {Rhode}, W. and {Richman}, M. and {Robertson}, S. and {Rongen}, M. and
         {Rott}, C. and {Ruhe}, T. and {Ryckbosch}, D. and {Rysewyk}, D. and
         {S{\"a}lzer}, T. and {Sanchez Herrera}, S.~E. and {Sandrock}, A. and {Sand
        roos}, J. and {Santander}, M. and {Sarkar}, S. and {Sarkar}, S. and
         {Satalecka}, K. and {Schlunder}, P. and {Schmidt}, T. and
         {Schneider}, A. and {Schoenen}, S. and {Sch{\"o}neberg}, S. and
         {Schumacher}, L. and {Seckel}, D. and {Seunarine}, S. and
         {Soedingrekso}, J. and {Soldin}, D. and {Song}, M. and
         {Spiczak}, G.~M. and {Spiering}, C. and {Stachurska}, J. and
         {Stamatikos}, M. and {Stanev}, T. and {Stasik}, A. and {Stettner}, J. and
         {Steuer}, A. and {Stezelberger}, T. and {Stokstad}, R.~G. and
         {St{\"o}ssl}, A. and {Strotjohann}, N.~L. and {Stuttard}, T. and
         {Sullivan}, G.~W. and {Sutherland}, M. and {Taboada}, I. and
         {Tatar}, J. and {Tenholt}, F. and {Ter-Antonyan}, S. and {Terliuk}, A. and
         {Te{\v{s}}i{\'c}}, G. and {Tilav}, S. and {Toale}, P.~A. and
         {Tobin}, M.~N. and {Toscano}, S. and {Tosi}, D. and {Tselengidou}, M. and
         {Tung}, C.~F. and {Turcati}, A. and {Turley}, C.~F. and {Ty}, B. and
         {Unger}, E. and {Usner}, M. and {Vandenbroucke}, J. and
         {Van Driessche}, W. and {van Eijndhoven}, N. and {Vanheule}, S. and
         {van Santen}, J. and {Vehring}, M. and {Vogel}, E. and {Vraeghe}, M. and
         {Walck}, C. and {Wallace}, A. and {Wallraff}, M. and {Wandler}, F.~D. and
         {Wandkowsky}, N. and {Waza}, A. and {Weaver}, C. and {Weiss}, M.~J. and
         {Wendt}, C. and {Werthebach}, J. and {Whelan}, B.~J. and {Wiebe}, K. and
         {Wiebusch}, C.~H. and {Wille}, L. and {Williams}, D.~R. and
         {Wills}, L. and {Wolf}, M. and {Wood}, T.~R. and {Woolsey}, E. and
         {Woschnagg}, K. and {Xu}, D.~L. and {Xu}, X.~W. and {Xu}, Y. and
         {Yanez}, J.~P. and {Yodh}, G. and {Yoshida}, S. and {Yuan}, T. and
         {Zoll}, M. and {IceCube Collaboration} and {Balasubramanian}, A. and
         {Mate}, S. and {Bhalerao}, V. and {Bhattacharya}, D. and {Vibhute}, A. and
         {Dewangan}, G.~C. and {Rao}, A.~R. and {Vadawale}, S.~V. and
         {AstroSat Cadmium Zinc Telluride Imager Team} and {Svinkin}, D.~S. and
         {Hurley}, K. and {Aptekar}, R.~L. and {Frederiks}, D.~D. and
         {Golenetskii}, S.~V. and {Kozlova}, A.~V. and {Lysenko}, A.~L. and
         {Oleynik}, Ph. P. and {Tsvetkova}, A.~E. and {Ulanov}, M.~V. and
         {Cline}, T. and {IPN Collaboration} and {Li}, T.~P. and {Xiong}, S.~L. and
         {Zhang}, S.~N. and {Lu}, F.~J. and {Song}, L.~M. and {Cao}, X.~L. and
         {Chang}, Z. and {Chen}, G. and {Chen}, L. and {Chen}, T.~X. and
         {Chen}, Y. and {Chen}, Y.~B. and {Chen}, Y.~P. and {Cui}, W. and
         {Cui}, W.~W. and {Deng}, J.~K. and {Dong}, Y.~W. and {Du}, Y.~Y. and
         {Fu}, M.~X. and {Gao}, G.~H. and {Gao}, H. and {Gao}, M. and
         {Ge}, M.~Y. and {Gu}, Y.~D. and {Guan}, J. and {Guo}, C.~C. and
         {Han}, D.~W. and {Hu}, W. and {Huang}, Y. and {Huo}, J. and
         {Jia}, S.~M. and {Jiang}, L.~H. and {Jiang}, W.~C. and {Jin}, J. and
         {Jin}, Y.~J. and {Li}, B. and {Li}, C.~K. and {Li}, G. and {Li}, M.~S. and
         {Li}, W. and {Li}, X. and {Li}, X.~B. and {Li}, X.~F. and {Li}, Y.~G. and
         {Li}, Z.~J. and {Li}, Z.~W. and {Liang}, X.~H. and {Liao}, J.~Y. and
         {Liu}, C.~Z. and {Liu}, G.~Q. and {Liu}, H.~W. and {Liu}, S.~Z. and
         {Liu}, X.~J. and {Liu}, Y. and {Liu}, Y.~N. and {Lu}, B. and
         {Lu}, X.~F. and {Luo}, T. and {Ma}, X. and {Meng}, B. and {Nang}, Y. and
         {Nie}, J.~Y. and {Ou}, G. and {Qu}, J.~L. and {Sai}, N. and {Sun}, L. and
         {Tan}, Y. and {Tao}, L. and {Tao}, W.~H. and {Tuo}, Y.~L. and
         {Wang}, G.~F. and {Wang}, H.~Y. and {Wang}, J. and {Wang}, W.~S. and
         {Wang}, Y.~S. and {Wen}, X.~Y. and {Wu}, B.~B. and {Wu}, M. and
         {Xiao}, G.~C. and {Xu}, H. and {Xu}, Y.~P. and {Yan}, L.~L. and
         {Yang}, J.~W. and {Yang}, S. and {Yang}, Y.~J. and {Zhang}, A.~M. and
         {Zhang}, C.~L. and {Zhang}, C.~M. and {Zhang}, F. and {Zhang}, H.~M. and
         {Zhang}, J. and {Zhang}, Q. and {Zhang}, S. and {Zhang}, T. and
         {Zhang}, W. and {Zhang}, W.~C. and {Zhang}, W.~Z. and {Zhang}, Y. and
         {Zhang}, Y. and {Zhang}, Y.~F. and {Zhang}, Y.~J. and {Zhang}, Z. and
         {Zhang}, Z.~L. and {Zhao}, H.~S. and {Zhao}, J.~L. and {Zhao}, X.~F. and
         {Zheng}, S.~J. and {Zhu}, Y. and {Zhu}, Y.~X. and {Zou}, C.~L. and
         {Insight-HXMT Collaboration} and {Albert}, A. and {Andr{\'e}}, M. and
         {Anghinolfi}, M. and {Ardid}, M. and {Aubert}, J. -J. and {Aublin}, J. and
         {Avgitas}, T. and {Baret}, B. and {Barrios-Mart{\'\i}}, J. and
         {Basa}, S. and {Belhorma}, B. and {Bertin}, V. and {Biagi}, S. and
         {Bormuth}, R. and {Bourret}, S. and {Bouwhuis}, M.~C. and
         {Br{\^a}nza{\textcommabelow s}}, H. and {Bruijn}, R. and {Brunner}, J. and
         {Busto}, J. and {Capone}, A. and {Caramete}, L. and {Carr}, J. and
         {Celli}, S. and {Cherkaoui El Moursli}, R. and {Chiarusi}, T. and
         {Circella}, M. and {Coelho}, J.~A.~B. and {Coleiro}, A. and
         {Coniglione}, R. and {Costantini}, H. and {Coyle}, P. and
         {Creusot}, A. and {D{\'\i}az}, A.~F. and {Deschamps}, A. and
         {De Bonis}, G. and {Distefano}, C. and {Di Palma}, I. and {Domi}, A. and
         {Donzaud}, C. and {Dornic}, D. and {Drouhin}, D. and {Eberl}, T. and
         {El Bojaddaini}, I. and {El Khayati}, N. and {Els{\"a}sser}, D. and
         {Enzenh{\"o}fer}, A. and {Ettahiri}, A. and {Fassi}, F. and
         {Felis}, I. and {Fusco}, L.~A. and {Gay}, P. and {Giordano}, V. and
         {Glotin}, H. and {Gr{\'e}goire}, T. and {Ruiz}, R. Gracia and
         {Graf}, K. and {Hallmann}, S. and {van Haren}, H. and
         {Heijboer}, A.~J. and {Hello}, Y. and {Hern{\'a}ndez-Rey}, J.~J. and
         {H{\"o}ssl}, J. and {Hofest{\"a}dt}, J. and {Hugon}, C. and
         {Illuminati}, G. and {James}, C.~W. and {de Jong}, M. and {Jongen}, M. and
         {Kadler}, M. and {Kalekin}, O. and {Katz}, U. and {Kiessling}, D. and
         {Kouchner}, A. and {Kreter}, M. and {Kreykenbohm}, I. and
         {Kulikovskiy}, V. and {Lachaud}, C. and {Lahmann}, R. and
         {Lef{\`e}vre}, D. and {Leonora}, E. and {Lotze}, M. and {Loucatos}, S. and
         {Marcelin}, M. and {Margiotta}, A. and {Marinelli}, A. and
         {Mart{\'\i}nez-Mora}, J.~A. and {Mele}, R. and {Melis}, K. and
         {Michael}, T. and {Migliozzi}, P. and {Moussa}, A. and {Navas}, S. and
         {Nezri}, E. and {Organokov}, M. and
         {P{\u{a}}v{\u{a}}la{\textcommabelow s}}, G.~E. and {Pellegrino}, C. and
         {Perrina}, C. and {Piattelli}, P. and {Popa}, V. and {Pradier}, T. and
         {Quinn}, L. and {Racca}, C. and {Riccobene}, G. and
         {S{\'a}nchez-Losa}, A. and {Salda{\~n}a}, M. and {Salvadori}, I. and
         {Samtleben}, D.~F.~E. and {Sanguineti}, M. and {Sapienza}, P. and
         {Sieger}, C. and {Spurio}, M. and {Stolarczyk}, Th. and {Taiuti}, M. and
         {Tayalati}, Y. and {Trovato}, A. and {Turpin}, D. and {T{\"o}nnis}, C. and
         {Vallage}, B. and {Van Elewyck}, V. and {Versari}, F. and {Vivolo}, D. and
         {Vizzoca}, A. and {Wilms}, J. and {Zornoza}, J.~D. and
         {Z{\'u}{\~n}iga}, J. and {ANTARES Collaboration} and
         {Beardmore}, A.~P. and {Breeveld}, A.~A. and {Burrows}, D.~N. and
         {Cenko}, S.~B. and {Cusumano}, G. and {D'A{\`\i}}, A. and
         {de Pasquale}, M. and {Emery}, S.~W.~K. and {Evans}, P.~A. and
         {Giommi}, P. and {Gronwall}, C. and {Kennea}, J.~A. and {Krimm}, H.~A. and
         {Kuin}, N.~P.~M. and {Lien}, A. and {Marshall}, F.~E. and {Meland
        ri}, A. and {Nousek}, J.~A. and {Oates}, S.~R. and {Osborne}, J.~P. and
         {Pagani}, C. and {Page}, K.~L. and {Palmer}, D.~M. and {Perri}, M. and
         {Siegel}, M.~H. and {Sbarufatti}, B. and {Tagliaferri}, G. and
         {Tohuvavohu}, A. and {Swift Collaboration} and {Tavani}, M. and
         {Verrecchia}, F. and {Bulgarelli}, A. and {Evangelista}, Y. and
         {Pacciani}, L. and {Feroci}, M. and {Pittori}, C. and {Giuliani}, A. and
         {Del Monte}, E. and {Donnarumma}, I. and {Argan}, A. and {Trois}, A. and
         {Ursi}, A. and {Cardillo}, M. and {Piano}, G. and {Longo}, F. and
         {Lucarelli}, F. and {Munar-Adrover}, P. and {Fuschino}, F. and
         {Labanti}, C. and {Marisaldi}, M. and {Minervini}, G. and
         {Fioretti}, V. and {Parmiggiani}, N. and {Gianotti}, F. and
         {Trifoglio}, M. and {Di Persio}, G. and {Antonelli}, L.~A. and
         {Barbiellini}, G. and {Caraveo}, P. and {Cattaneo}, P.~W. and
         {Costa}, E. and {Colafrancesco}, S. and {D'Amico}, F. and
         {Ferrari}, A. and {Morselli}, A. and {Paoletti}, F. and {Picozza}, P. and
         {Pilia}, M. and {Rappoldi}, A. and {Soffitta}, P. and {Vercellone}, S. and
         {AGILE Team} and {Foley}, R.~J. and {Coulter}, D.~A. and
         {Kilpatrick}, C.~D. and {Drout}, M.~R. and {Piro}, A.~L. and
         {Shappee}, B.~J. and {Siebert}, M.~R. and {Simon}, J.~D. and
         {Ulloa}, N. and {Kasen}, D. and {Madore}, B.~F. and
         {Murguia-Berthier}, A. and {Pan}, Y. -C. and {Prochaska}, J.~X. and
         {Ramirez-Ruiz}, E. and {Rest}, A. and {Rojas-Bravo}, C. and
         {1M2H Team} and {Berger}, E. and {Soares-Santos}, M. and {Annis}, J. and
         {Alexander}, K.~D. and {Allam}, S. and {Balbinot}, E. and
         {Blanchard}, P. and {Brout}, D. and {Butler}, R.~E. and {Chornock}, R. and
         {Cook}, E.~R. and {Cowperthwaite}, P. and {Diehl}, H.~T. and
         {Drlica-Wagner}, A. and {Drout}, M.~R. and {Durret}, F. and
         {Eftekhari}, T. and {Finley}, D.~A. and {Fong}, W. and
         {Frieman}, J.~A. and {Fryer}, C.~L. and {Garc{\'\i}a-Bellido}, J. and
         {Gruendl}, R.~A. and {Hartley}, W. and {Herner}, K. and {Kessler}, R. and
         {Lin}, H. and {Lopes}, P.~A.~A. and {Louren{\c{c}}o}, A.~C.~C. and
         {Margutti}, R. and {Marshall}, J.~L. and {Matheson}, T. and
         {Medina}, G.~E. and {Metzger}, B.~D. and {Mu{\~n}oz}, R.~R. and
         {Muir}, J. and {Nicholl}, M. and {Nugent}, P. and {Palmese}, A. and
         {Paz-Chinch{\'o}n}, F. and {Quataert}, E. and {Sako}, M. and
         {Sauseda}, M. and {Schlegel}, D.~J. and {Scolnic}, D. and
         {Secco}, L.~F. and {Smith}, N. and {Sobreira}, F. and {Villar}, V.~A. and
         {Vivas}, A.~K. and {Wester}, W. and {Williams}, P.~K.~G. and
         {Yanny}, B. and {Zenteno}, A. and {Zhang}, Y. and {Abbott}, T.~M.~C. and
         {Banerji}, M. and {Bechtol}, K. and {Benoit-L{\'e}vy}, A. and
         {Bertin}, E. and {Brooks}, D. and {Buckley-Geer}, E. and
         {Burke}, D.~L. and {Capozzi}, D. and {Carnero Rosell}, A. and
         {Carrasco Kind}, M. and {Castander}, F.~J. and {Crocce}, M. and
         {Cunha}, C.~E. and {D'Andrea}, C.~B. and {da Costa}, L.~N. and
         {Davis}, C. and {DePoy}, D.~L. and {Desai}, S. and {Dietrich}, J.~P. and
         {Eifler}, T.~F. and {Fernandez}, E. and {Flaugher}, B. and
         {Fosalba}, P. and {Gaztanaga}, E. and {Gerdes}, D.~W. and
         {Giannantonio}, T. and {Goldstein}, D.~A. and {Gruen}, D. and
         {Gschwend}, J. and {Gutierrez}, G. and {Honscheid}, K. and
         {James}, D.~J. and {Jeltema}, T. and {Johnson}, M.~W.~G. and
         {Johnson}, M.~D. and {Kent}, S. and {Krause}, E. and {Kron}, R. and
         {Kuehn}, K. and {Lahav}, O. and {Lima}, M. and {Maia}, M.~A.~G. and
         {March}, M. and {Martini}, P. and {McMahon}, R.~G. and {Menanteau}, F. and
         {Miller}, C.~J. and {Miquel}, R. and {Mohr}, J.~J. and {Nichol}, R.~C. and
         {Ogando}, R.~L.~C. and {Plazas}, A.~A. and {Romer}, A.~K. and
         {Roodman}, A. and {Rykoff}, E.~S. and {Sanchez}, E. and {Scarpine}, V. and
         {Schindler}, R. and {Schubnell}, M. and {Sevilla-Noarbe}, I. and
         {Sheldon}, E. and {Smith}, M. and {Smith}, R.~C. and {Stebbins}, A. and
         {Suchyta}, E. and {Swanson}, M.~E.~C. and {Tarle}, G. and
         {Thomas}, R.~C. and {Troxel}, M.~A. and {Tucker}, D.~L. and
         {Vikram}, V. and {Walker}, A.~R. and {Wechsler}, R.~H. and
         {Weller}, J. and {Carlin}, J.~L. and {Gill}, M.~S.~S. and {Li}, T.~S. and
         {Marriner}, J. and {Neilsen}, E. and
         {Dark Energy Camera GW-EM Collaboration} and {DES Collaboration} and
         {Haislip}, J.~B. and {Kouprianov}, V.~V. and {Reichart}, D.~E. and {Sand
        }, D.~J. and {Tartaglia}, L. and {Valenti}, S. and {Yang}, S. and
         {DLT40 Collaboration} and {Benetti}, S. and {Brocato}, E. and
         {Campana}, S. and {Cappellaro}, E. and {Covino}, S. and {D'Avanzo}, P. and
         {D'Elia}, V. and {Getman}, F. and {Ghirlanda}, G. and {Ghisellini}, G. and
         {Limatola}, L. and {Nicastro}, L. and {Palazzi}, E. and {Pian}, E. and
         {Piranomonte}, S. and {Possenti}, A. and {Rossi}, A. and
         {Salafia}, O.~S. and {Tomasella}, L. and {Amati}, L. and
         {Antonelli}, L.~A. and {Bernardini}, M.~G. and {Bufano}, F. and
         {Capaccioli}, M. and {Casella}, P. and {Dadina}, M. and
         {De Cesare}, G. and {Di Paola}, A. and {Giuffrida}, G. and
         {Giunta}, A. and {Israel}, G.~L. and {Lisi}, M. and {Maiorano}, E. and
         {Mapelli}, M. and {Masetti}, N. and {Pescalli}, A. and {Pulone}, L. and
         {Salvaterra}, R. and {Schipani}, P. and {Spera}, M. and {Stamerra}, A. and
         {Stella}, L. and {Testa}, V. and {Turatto}, M. and {Vergani}, D. and
         {Aresu}, G. and {Bachetti}, M. and {Buffa}, F. and {Burgay}, M. and
         {Buttu}, M. and {Caria}, T. and {Carretti}, E. and {Casasola}, V. and
         {Castangia}, P. and {Carboni}, G. and {Casu}, S. and {Concu}, R. and
         {Corongiu}, A. and {Deiana}, G.~L. and {Egron}, E. and {Fara}, A. and
         {Gaudiomonte}, F. and {Gusai}, V. and {Ladu}, A. and {Loru}, S. and
         {Leurini}, S. and {Marongiu}, L. and {Melis}, A. and {Melis}, G. and
         {Migoni}, Carlo and {Milia}, Sabrina and {Navarrini}, Alessandro and
         {Orlati}, A. and {Ortu}, P. and {Palmas}, S. and {Pellizzoni}, A. and
         {Perrodin}, D. and {Pisanu}, T. and {Poppi}, S. and {Righini}, S. and
         {Saba}, A. and {Serra}, G. and {Serrau}, M. and {Stagni}, M. and
         {Surcis}, G. and {Vacca}, V. and {Vargiu}, G.~P. and {Hunt}, L.~K. and
         {Jin}, Z.~P. and {Klose}, S. and {Kouveliotou}, C. and
         {Mazzali}, P.~A. and {M{\o}ller}, P. and {Nava}, L. and {Piran}, T. and
         {Selsing}, J. and {Vergani}, S.~D. and {Wiersema}, K. and {Toma}, K. and
         {Higgins}, A.~B. and {Mundell}, C.~G. and {di Serego Alighieri}, S. and
         {G{\'o}tz}, D. and {Gao}, W. and {Gomboc}, A. and {Kaper}, L. and
         {Kobayashi}, S. and {Kopac}, D. and {Mao}, J. and {Starling}, R.~L.~C. and
         {Steele}, I. and {van der Horst}, A.~J. and
         {GRAWITA: GRAvitational Wave Inaf TeAm} and {Acero}, F. and
         {Atwood}, W.~B. and {Baldini}, L. and {Barbiellini}, G. and
         {Bastieri}, D. and {Berenji}, B. and {Bellazzini}, R. and
         {Bissaldi}, E. and {Blandford}, R.~D. and {Bloom}, E.~D. and
         {Bonino}, R. and {Bottacini}, E. and {Bregeon}, J. and {Buehler}, R. and
         {Buson}, S. and {Cameron}, R.~A. and {Caputo}, R. and {Caraveo}, P.~A. and
         {Cavazzuti}, E. and {Chekhtman}, A. and {Cheung}, C.~C. and
         {Chiang}, J. and {Ciprini}, S. and {Cohen-Tanugi}, J. and
         {Cominsky}, L.~R. and {Costantin}, D. and {Cuoco}, A. and {D'Ammand
        o}, F. and {de Palma}, F. and {Digel}, S.~W. and {Di Lalla}, N. and
         {Di Mauro}, M. and {Di Venere}, L. and {Dubois}, R. and {Fegan}, S.~J. and
         {Focke}, W.~B. and {Franckowiak}, A. and {Fukazawa}, Y. and {Funk}, S. and
         {Fusco}, P. and {Gargano}, F. and {Gasparrini}, D. and {Giglietto}, N. and
         {Giordano}, F. and {Giroletti}, M. and {Glanzman}, T. and {Green}, D. and
         {Grondin}, M. -H. and {Guillemot}, L. and {Guiriec}, S. and
         {Harding}, A.~K. and {Horan}, D. and {J{\'o}hannesson}, G. and
         {Kamae}, T. and {Kensei}, S. and {Kuss}, M. and {La Mura}, G. and
         {Latronico}, L. and {Lemoine-Goumard}, M. and {Longo}, F. and
         {Loparco}, F. and {Lovellette}, M.~N. and {Lubrano}, P. and
         {Magill}, J.~D. and {Maldera}, S. and {Manfreda}, A. and
         {Mazziotta}, M.~N. and {McEnery}, J.~E. and {Meyer}, M. and
         {Michelson}, P.~F. and {Mirabal}, N. and {Monzani}, M.~E. and
         {Moretti}, E. and {Morselli}, A. and {Moskalenko}, I.~V. and
         {Negro}, M. and {Nuss}, E. and {Ojha}, R. and {Omodei}, N. and
         {Orienti}, M. and {Orlando}, E. and {Palatiello}, M. and
         {Paliya}, V.~S. and {Paneque}, D. and {Pesce-Rollins}, M. and
         {Piron}, F. and {Porter}, T.~A. and {Principe}, G. and {Rain{\`o}}, S. and
         {Rando}, R. and {Razzano}, M. and {Razzaque}, S. and {Reimer}, A. and
         {Reimer}, O. and {Reposeur}, T. and {Rochester}, L.~S. and
         {Saz Parkinson}, P.~M. and {Sgr{\`o}}, C. and {Siskind}, E.~J. and
         {Spada}, F. and {Spandre}, G. and {Suson}, D.~J. and {Takahashi}, M. and
         {Tanaka}, Y. and {Thayer}, J.~G. and {Thayer}, J.~B. and
         {Thompson}, D.~J. and {Tibaldo}, L. and {Torres}, D.~F. and
         {Torresi}, E. and {Troja}, E. and {Venters}, T.~M. and {Vianello}, G. and
         {Zaharijas}, G. and {Fermi Large Area Telescope Collaboration} and
         {Allison}, J.~R. and {Bannister}, K.~W. and {Dobie}, D. and
         {Kaplan}, D.~L. and {Lenc}, E. and {Lynch}, C. and {Murphy}, T. and
         {Sadler}, E.~M. and {Australia Telescope Compact Array}, ATCA: and
         {Hotan}, A. and {James}, C.~W. and {Oslowski}, S. and {Raja}, W. and
         {Shannon}, R.~M. and {Whiting}, M. and
         {Australian SKA Pathfinder}, ASKAP: and {Arcavi}, I. and
         {Howell}, D.~A. and {McCully}, C. and {Hosseinzadeh}, G. and
         {Hiramatsu}, D. and {Poznanski}, D. and {Barnes}, J. and
         {Zaltzman}, M. and {Vasylyev}, S. and {Maoz}, D. and
         {Las Cumbres Observatory Group} and {Cooke}, J. and {Bailes}, M. and
         {Wolf}, C. and {Deller}, A.~T. and {Lidman}, C. and {Wang}, L. and
         {Gendre}, B. and {Andreoni}, I. and {Ackley}, K. and
         {Pritchard}, T.~A. and {Bessell}, M.~S. and {Chang}, S. -W. and
         {M{\"o}ller}, A. and {Onken}, C.~A. and {Scalzo}, R.~A. and
         {Ridden-Harper}, R. and {Sharp}, R.~G. and {Tucker}, B.~E. and
         {Farrell}, T.~J. and {Elmer}, E. and {Johnston}, S. and
         {Venkatraman Krishnan}, V. and {Keane}, E.~F. and {Green}, J.~A. and
         {Jameson}, A. and {Hu}, L. and {Ma}, B. and {Sun}, T. and {Wu}, X. and
         {Wang}, X. and {Shang}, Z. and {Hu}, Y. and {Ashley}, M.~C.~B. and
         {Yuan}, X. and {Li}, X. and {Tao}, C. and {Zhu}, Z. and {Zhang}, H. and
         {Suntzeff}, N.~B. and {Zhou}, J. and {Yang}, J. and {Orange}, B. and
         {Morris}, D. and {Cucchiara}, A. and {Giblin}, T. and {Klotz}, A. and
         {Staff}, J. and {Thierry}, P. and {Schmidt}, B.~P. and {OzGrav} and
         {(Deeper}, DWF and {Wider} and {program}, Faster and {AST3} and
         {CAASTRO Collaborations} and {Tanvir}, N.~R. and {Levan}, A.~J. and
         {Cano}, Z. and {de Ugarte-Postigo}, A. and
         {Gonz{\'a}lez-Fern{\'a}ndez}, C. and {Greiner}, J. and {Hjorth}, J. and
         {Irwin}, M. and {Kr{\"u}hler}, T. and {Mandel}, I. and
         {Milvang-Jensen}, B. and {O'Brien}, P. and {Rol}, E. and {Rosetti}, S. and
         {Rosswog}, S. and {Rowlinson}, A. and {Steeghs}, D.~T.~H. and
         {Th{\"o}ne}, C.~C. and {Ulaczyk}, K. and {Watson}, D. and
         {Bruun}, S.~H. and {Cutter}, R. and {Figuera Jaimes}, R. and
         {Fujii}, Y.~I. and {Fruchter}, A.~S. and {Gompertz}, B. and
         {Jakobsson}, P. and {Hodosan}, G. and {J{\`e}rgensen}, U.~G. and
         {Kangas}, T. and {Kann}, D.~A. and {Rabus}, M. and
         {Schr{\o}der}, S.~L. and {Stanway}, E.~R. and {Wijers}, R.~A.~M.~J. and
         {VINROUGE Collaboration} and {Lipunov}, V.~M. and {Gorbovskoy}, E.~S. and
         {Kornilov}, V.~G. and {Tyurina}, N.~V. and {Balanutsa}, P.~V. and
         {Kuznetsov}, A.~S. and {Vlasenko}, D.~M. and {Podesta}, R.~C. and
         {Lopez}, C. and {Podesta}, F. and {Levato}, H.~O. and {Saffe}, C. and
         {Mallamaci}, C.~C. and {Budnev}, N.~M. and {Gress}, O.~A. and
         {Kuvshinov}, D.~A. and {Gorbunov}, I.~A. and {Vladimirov}, V.~V. and
         {Zimnukhov}, D.~S. and {Gabovich}, A.~V. and {Yurkov}, V.~V. and
         {Sergienko}, Yu. P. and {Rebolo}, R. and {Serra-Ricart}, M. and
         {Tlatov}, A.~G. and {Ishmuhametova}, Yu. V. and {MASTER Collaboration} and
         {Abe}, F. and {Aoki}, K. and {Aoki}, W. and {Asakura}, Y. and
         {Baar}, S. and {Barway}, S. and {Bond}, I.~A. and {Doi}, M. and
         {Finet}, F. and {Fujiyoshi}, T. and {Furusawa}, H. and {Honda}, S. and
         {Itoh}, R. and {Kanda}, N. and {Kawabata}, K.~S. and {Kawabata}, M. and
         {Kim}, J.~H. and {Koshida}, S. and {Kuroda}, D. and {Lee}, C. -H. and
         {Liu}, W. and {Matsubayashi}, K. and {Miyazaki}, S. and {Morihana}, K. and
         {Morokuma}, T. and {Motohara}, K. and {Murata}, K.~L. and {Nagai}, H. and
         {Nagashima}, H. and {Nagayama}, T. and {Nakaoka}, T. and {Nakata}, F. and
         {Ohsawa}, R. and {Ohshima}, T. and {Ohta}, K. and {Okita}, H. and
         {Saito}, T. and {Saito}, Y. and {Sako}, S. and {Sekiguchi}, Y. and
         {Sumi}, T. and {Tajitsu}, A. and {Takahashi}, J. and {Takayama}, M. and
         {Tamura}, Y. and {Tanaka}, I. and {Tanaka}, M. and {Terai}, T. and
         {Tominaga}, N. and {Tristram}, P.~J. and {Uemura}, M. and {Utsumi}, Y. and
         {Yamaguchi}, M.~S. and {Yasuda}, N. and {Yoshida}, M. and {Zenko}, T. and
         {J-GEM} and {Adams}, S.~M. and {Anupama}, G.~C. and {Bally}, J. and
         {Barway}, S. and {Bellm}, E. and {Blagorodnova}, N. and {Cannella}, C. and
         {Chandra}, P. and {Chatterjee}, D. and {Clarke}, T.~E. and
         {Cobb}, B.~E. and {Cook}, D.~O. and {Copperwheat}, C. and {De}, K. and
         {Emery}, S.~W.~K. and {Feindt}, U. and {Foster}, K. and {Fox}, O.~D. and
         {Frail}, D.~A. and {Fremling}, C. and {Frohmaier}, C. and
         {Garcia}, J.~A. and {Ghosh}, S. and {Giacintucci}, S. and {Goobar}, A. and
         {Gottlieb}, O. and {Grefenstette}, B.~W. and {Hallinan}, G. and
         {Harrison}, F. and {Heida}, M. and {Helou}, G. and {Ho}, A.~Y.~Q. and
         {Horesh}, A. and {Hotokezaka}, K. and {Ip}, W. -H. and {Itoh}, R. and
         {Jacobs}, Bob and {Jencson}, J.~E. and {Kasen}, D. and
         {Kasliwal}, M.~M. and {Kassim}, N.~E. and {Kim}, H. and {Kiran}, B.~S. and
         {Kuin}, N.~P.~M. and {Kulkarni}, S.~R. and {Kupfer}, T. and
         {Lau}, R.~M. and {Madsen}, K. and {Mazzali}, P.~A. and {Miller}, A.~A. and
         {Miyasaka}, H. and {Mooley}, K. and {Myers}, S.~T. and {Nakar}, E. and
         {Ngeow}, C. -C. and {Nugent}, P. and {Ofek}, E.~O. and
         {Palliyaguru}, N. and {Pavana}, M. and {Perley}, D.~A. and
         {Peters}, W.~M. and {Pike}, S. and {Piran}, T. and {Qi}, H. and
         {Quimby}, R.~M. and {Rana}, J. and {Rosswog}, S. and {Rusu}, F. and
         {Sadler}, E.~M. and {Van Sistine}, A. and {Sollerman}, J. and {Xu}, Y. and
         {Yan}, L. and {Yatsu}, Y. and {Yu}, P. -C. and {Zhang}, C. and
         {Zhao}, W. and {GROWTH} and {JAGWAR} and {Caltech-NRAO} and {TTU-NRAO} and
         {NuSTAR Collaborations} and {Chambers}, K.~C. and {Huber}, M.~E. and
         {Schultz}, A.~S.~B. and {Bulger}, J. and {Flewelling}, H. and
         {Magnier}, E.~A. and {Lowe}, T.~B. and {Wainscoat}, R.~J. and
         {Waters}, C. and {Willman}, M. and {Pan-STARRS} and {Ebisawa}, K. and
         {Hanyu}, C. and {Harita}, S. and {Hashimoto}, T. and {Hidaka}, K. and
         {Hori}, T. and {Ishikawa}, M. and {Isobe}, N. and {Iwakiri}, W. and
         {Kawai}, H. and {Kawai}, N. and {Kawamuro}, T. and {Kawase}, T. and
         {Kitaoka}, Y. and {Makishima}, K. and {Matsuoka}, M. and {Mihara}, T. and
         {Morita}, T. and {Morita}, K. and {Nakahira}, S. and {Nakajima}, M. and
         {Nakamura}, Y. and {Negoro}, H. and {Oda}, S. and {Sakamaki}, A. and
         {Sasaki}, R. and {Serino}, M. and {Shidatsu}, M. and {Shimomukai}, R. and
         {Sugawara}, Y. and {Sugita}, S. and {Sugizaki}, M. and {Tachibana}, Y. and
         {Takao}, Y. and {Tanimoto}, A. and {Tomida}, H. and {Tsuboi}, Y. and
         {Tsunemi}, H. and {Ueda}, Y. and {Ueno}, S. and {Yamada}, S. and
         {Yamaoka}, K. and {Yamauchi}, M. and {Yatabe}, F. and {Yoneyama}, T. and
         {Yoshii}, T. and {MAXI Team} and {Coward}, D.~M. and {Crisp}, H. and
         {Macpherson}, D. and {Andreoni}, I. and {Laugier}, R. and
         {Noysena}, K. and {Klotz}, A. and {Gendre}, B. and {Thierry}, P. and
         {Turpin}, D. and {Consortium}, TZAC and {Im}, M. and {Choi}, C. and
         {Kim}, J. and {Yoon}, Y. and {Lim}, G. and {Lee}, S. -K. and
         {Lee}, C. -U. and {Kim}, S. -L. and {Ko}, S. -W. and {Joe}, J. and
         {Kwon}, M. -K. and {Kim}, P. -J. and {Lim}, S. -K. and {Choi}, J. -S. and
         {KU Collaboration} and {Fynbo}, J.~P.~U. and {Malesani}, D. and
         {Xu}, D. and {Optical Telescope}, Nordic and {Smartt}, S.~J. and
         {Jerkstrand}, A. and {Kankare}, E. and {Sim}, S.~A. and {Fraser}, M. and
         {Inserra}, C. and {Maguire}, K. and {Leloudas}, G. and {Magee}, M. and
         {Shingles}, L.~J. and {Smith}, K.~W. and {Young}, D.~R. and
         {Kotak}, R. and {Gal-Yam}, A. and {Lyman}, J.~D. and {Homan}, D.~S. and
         {Agliozzo}, C. and {Anderson}, J.~P. and {Angus}, C.~R. and
         {Ashall}, C. and {Barbarino}, C. and {Bauer}, F.~E. and {Berton}, M. and
         {Botticella}, M.~T. and {Bulla}, M. and {Cannizzaro}, G. and
         {Cartier}, R. and {Cikota}, A. and {Clark}, P. and {De Cia}, A. and
         {Della Valle}, M. and {Dennefeld}, M. and {Dessart}, L. and
         {Dimitriadis}, G. and {Elias-Rosa}, N. and {Firth}, R.~E. and
         {Fl{\"o}rs}, A. and {Frohmaier}, C. and {Galbany}, L. and
         {Gonz{\'a}lez-Gait{\'a}n}, S. and {Gromadzki}, M. and
         {Guti{\'e}rrez}, C.~P. and {Hamanowicz}, A. and {Harmanen}, J. and
         {Heintz}, K.~E. and {Hernandez}, M. -S. and {Hodgkin}, S.~T. and
         {Hook}, I.~M. and {Izzo}, L. and {James}, P.~A. and {Jonker}, P.~G. and
         {Kerzendorf}, W.~E. and {Kostrzewa-Rutkowska}, Z. and {Kromer}, M. and
         {Kuncarayakti}, H. and {Lawrence}, A. and {Manulis}, I. and
         {Mattila}, S. and {McBrien}, O. and {M{\"u}ller}, A. and {Nordin}, J. and
         {O'Neill}, D. and {Onori}, F. and {Palmerio}, J.~T. and
         {Pastorello}, A. and {Patat}, F. and {Pignata}, G. and
         {Podsiadlowski}, P. and {Razza}, A. and {Reynolds}, T. and {Roy}, R. and
         {Ruiter}, A.~J. and {Rybicki}, K.~A. and {Salmon}, L. and
         {Pumo}, M.~L. and {Prentice}, S.~J. and {Seitenzahl}, I.~R. and
         {Smith}, M. and {Sollerman}, J. and {Sullivan}, M. and {Szegedi}, H. and
         {Taddia}, F. and {Taubenberger}, S. and {Terreran}, G. and
         {Van Soelen}, B. and {Vos}, J. and {Walton}, N.~A. and {Wright}, D.~E. and
         {Wyrzykowski}, {\L}. and {Yaron}, O. and {pre=''(''>ePESSTO}, <author and
         {Chen}, T. -W. and {Kr{\"u}hler}, T. and {Schady}, P. and
         {Wiseman}, P. and {Greiner}, J. and {Rau}, A. and {Schweyer}, T. and
         {Klose}, S. and {Nicuesa Guelbenzu}, A. and {GROND} and
         {Palliyaguru}, N.~T. and {Tech University}, Texas and {Shara}, M.~M. and
         {Williams}, T. and {Vaisanen}, P. and {Potter}, S.~B. and
         {Romero Colmenero}, E. and {Crawford}, S. and {Buckley}, D.~A.~H. and
         {Mao}, J. and {SALT Group} and {D{\'\i}az}, M.~C. and {Macri}, L.~M. and
         {Garc{\'\i}a Lambas}, D. and {Mendes de Oliveira}, C. and
         {Nilo Castell{\'o}n}, J.~L. and {Ribeiro}, T. and {S{\'a}nchez}, B. and
         {Schoenell}, W. and {Abramo}, L.~R. and {Akras}, S. and
         {Alcaniz}, J.~S. and {Artola}, R. and {Beroiz}, M. and {Bonoli}, S. and
         {Cabral}, J. and {Camuccio}, R. and {Chavushyan}, V. and {Coelho}, P. and
         {Colazo}, C. and {Costa-Duarte}, M.~V. and {Cuevas Larenas}, H. and
         {Dom{\'\i}nguez Romero}, M. and {Dultzin}, D. and {Fern{\'a}ndez}, D. and
         {Garc{\'\i}a}, J. and {Girardini}, C. and {Gon{\c{c}}alves}, D.~R. and
         {Gon{\c{c}}alves}, T.~S. and {Gurovich}, S. and {Jim{\'e}nez-Teja}, Y. and
         {Kanaan}, A. and {Lares}, M. and {Lopes de Oliveira}, R. and
         {L{\'o}pez-Cruz}, O. and {Melia}, R. and {Molino}, A. and
         {Padilla}, N. and {Pe{\~n}uela}, T. and {Placco}, V.~M. and
         {Qui{\~n}ones}, C. and {Ram{\'\i}rez Rivera}, A. and {Renzi}, V. and
         {Riguccini}, L. and {R{\'\i}os-L{\'o}pez}, E. and {Rodriguez}, H. and
         {Sampedro}, L. and {Schneiter}, M. and {Sodr{\'e}}, L. and
         {Starck}, M. and {Torres-Flores}, S. and {Tornatore}, M. and
         {Zadro{\.z}ny}, A. and {Castillo}, M. and
         {TOROS: Transient Robotic Observatory of the South Collaboration} and
         {Castro-Tirado}, A.~J. and {Tello}, J.~C. and {Hu}, Y. -D. and
         {Zhang}, B. -B. and {Cunniffe}, R. and {Castell{\'o}n}, A. and
         {Hiriart}, D. and {Caballero-Garc{\'\i}a}, M.~D. and
         {Jel{\'\i}nek}, M. and {Kub{\'a}nek}, P. and
         {P{\'e}rez del Pulgar}, C. and {Park}, I.~H. and {Jeong}, S. and
         {Castro Cer{\'o}n}, J.~M. and {Pandey}, S.~B. and {Yock}, P.~C. and
         {Querel}, R. and {Fan}, Y. and {Wang}, C. and {BOOTES Collaboration} and
         {Beardsley}, A. and {Brown}, I.~S. and {Crosse}, B. and {Emrich}, D. and
         {Franzen}, T. and {Gaensler}, B.~M. and {Horsley}, L. and
         {Johnston-Hollitt}, M. and {Kenney}, D. and {Morales}, M.~F. and
         {Pallot}, D. and {Sokolowski}, M. and {Steele}, K. and {Tingay}, S.~J. and
         {Trott}, C.~M. and {Walker}, M. and {Wayth}, R. and {Williams}, A. and
         {Wu}, C. and {Murchison Widefield Array}, MWA: and {Yoshida}, A. and
         {Sakamoto}, T. and {Kawakubo}, Y. and {Yamaoka}, K. and
         {Takahashi}, I. and {Asaoka}, Y. and {Ozawa}, S. and {Torii}, S. and
         {Shimizu}, Y. and {Tamura}, T. and {Ishizaki}, W. and {Cherry}, M.~L. and
         {Ricciarini}, S. and {Penacchioni}, A.~V. and {Marrocchesi}, P.~S. and
         {CALET Collaboration} and {Pozanenko}, A.~S. and {Volnova}, A.~A. and
         {Mazaeva}, E.~D. and {Minaev}, P. Yu. and {Krugov}, M.~A. and
         {Kusakin}, A.~V. and {Reva}, I.~V. and {Moskvitin}, A.~S. and
         {Rumyantsev}, V.~V. and {Inasaridze}, R. and {Klunko}, E.~V. and
         {Tungalag}, N. and {Schmalz}, S.~E. and {Burhonov}, O. and
         {IKI-GW Follow-up Collaboration} and {Abdalla}, H. and
         {Abramowski}, A. and {Aharonian}, F. and {Ait Benkhali}, F. and
         {Ang{\"u}ner}, E.~O. and {Arakawa}, M. and {Arrieta}, M. and
         {Aubert}, P. and {Backes}, M. and {Balzer}, A. and {Barnard}, M. and
         {Becherini}, Y. and {Becker Tjus}, J. and {Berge}, D. and
         {Bernhard}, S. and {Bernl{\"o}hr}, K. and {Blackwell}, R. and
         {B{\"o}ttcher}, M. and {Boisson}, C. and {Bolmont}, J. and
         {Bonnefoy}, S. and {Bordas}, P. and {Bregeon}, J. and {Brun}, F. and
         {Brun}, P. and {Bryan}, M. and {B{\"u}chele}, M. and {Bulik}, T. and
         {Capasso}, M. and {Caroff}, S. and {Carosi}, A. and {Casanova}, S. and
         {Cerruti}, M. and {Chakraborty}, N. and {Chaves}, R.~C.~G. and
         {Chen}, A. and {Chevalier}, J. and {Colafrancesco}, S. and
         {Condon}, B. and {Conrad}, J. and {Davids}, I.~D. and {Decock}, J. and
         {Deil}, C. and {Devin}, J. and {deWilt}, P. and {Dirson}, L. and
         {Djannati-Ata{\"\i}}, A. and {Donath}, A. and {O'C. Drury}, L. and
         {Dutson}, K. and {Dyks}, J. and {Edwards}, T. and {Egberts}, K. and
         {Emery}, G. and {Ernenwein}, J. -P. and {Eschbach}, S. and
         {Farnier}, C. and {Fegan}, S. and {Fernandes}, M.~V. and {Fiasson}, A. and
         {Fontaine}, G. and {Funk}, S. and {F{\"u}ssling}, M. and {Gabici}, S. and
         {Gallant}, Y.~A. and {Garrigoux}, T. and {Gat{\'e}}, F. and
         {Giavitto}, G. and {Giebels}, B. and {Glawion}, D. and
         {Glicenstein}, J.~F. and {Gottschall}, D. and {Grondin}, M. -H. and
         {Hahn}, J. and {Haupt}, M. and {Hawkes}, J. and {Heinzelmann}, G. and
         {Henri}, G. and {Hermann}, G. and {Hinton}, J.~A. and {Hofmann}, W. and
         {Hoischen}, C. and {Holch}, T.~L. and {Holler}, M. and {Horns}, D. and
         {Ivascenko}, A. and {Iwasaki}, H. and {Jacholkowska}, A. and
         {Jamrozy}, M. and {Jankowsky}, D. and {Jankowsky}, F. and {Jingo}, M. and
         {Jouvin}, L. and {Jung-Richardt}, I. and {Kastendieck}, M.~A. and
         {Katarzy{\'n}ski}, K. and {Katsuragawa}, M. and {Kerszberg}, D. and
         {Khangulyan}, D. and {Kh{\'e}lifi}, B. and {King}, J. and
         {Klepser}, S. and {Klochkov}, D. and {Klu{\'z}niak}, W. and
         {Komin}, Nu. and {Kosack}, K. and {Krakau}, S. and {Kraus}, M. and
         {Kr{\"u}ger}, P.~P. and {Laffon}, H. and {Lamanna}, G. and {Lau}, J. and
         {Lees}, J. -P. and {Lefaucheur}, J. and {Lemi{\`e}re}, A. and
         {Lemoine-Goumard}, M. and {Lenain}, J. -P. and {Leser}, E. and
         {Lohse}, T. and {Lorentz}, M. and {Liu}, R. and {Lypova}, I. and
         {Malyshev}, D. and {Marandon}, V. and {Marcowith}, A. and
         {Mariaud}, C. and {Marx}, R. and {Maurin}, G. and {Maxted}, N. and
         {Mayer}, M. and {Meintjes}, P.~J. and {Meyer}, M. and
         {Mitchell}, A.~M.~W. and {Moderski}, R. and {Mohamed}, M. and
         {Mohrmann}, L. and {Mor{\r{a}}}, K. and {Moulin}, E. and {Murach}, T. and
         {Nakashima}, S. and {de Naurois}, M. and {Ndiyavala}, H. and
         {Niederwanger}, F. and {Niemiec}, J. and {Oakes}, L. and {O'Brien}, P. and
         {Odaka}, H. and {Ohm}, S. and {Ostrowski}, M. and {Oya}, I. and
         {Padovani}, M. and {Panter}, M. and {Parsons}, R.~D. and
         {Pekeur}, N.~W. and {Pelletier}, G. and {Perennes}, C. and
         {Petrucci}, P. -O. and {Peyaud}, B. and {Piel}, Q. and {Pita}, S. and
         {Poireau}, V. and {Poon}, H. and {Prokhorov}, D. and {Prokoph}, H. and
         {P{\"u}hlhofer}, G. and {Punch}, M. and {Quirrenbach}, A. and
         {Raab}, S. and {Rauth}, R. and {Reimer}, A. and {Reimer}, O. and
         {Renaud}, M. and {de los Reyes}, R. and {Rieger}, F. and
         {Rinchiuso}, L. and {Romoli}, C. and {Rowell}, G. and {Rudak}, B. and
         {Rulten}, C.~B. and {Sahakian}, V. and {Saito}, S. and
         {Sanchez}, D.~A. and {Santangelo}, A. and {Sasaki}, M. and
         {Schlickeiser}, R. and {Sch{\"u}ssler}, F. and {Schulz}, A. and
         {Schwanke}, U. and {Schwemmer}, S. and {Seglar-Arroyo}, M. and
         {Settimo}, M. and {Seyffert}, A.~S. and {Shafi}, N. and {Shilon}, I. and
         {Shiningayamwe}, K. and {Simoni}, R. and {Sol}, H. and {Spanier}, F. and
         {Spir-Jacob}, M. and {Stawarz}, {\L}. and {Steenkamp}, R. and
         {Stegmann}, C. and {Steppa}, C. and {Sushch}, I. and {Takahashi}, T. and
         {Tavernet}, J. -P. and {Tavernier}, T. and {Taylor}, A.~M. and
         {Terrier}, R. and {Tibaldo}, L. and {Tiziani}, D. and {Tluczykont}, M. and
         {Trichard}, C. and {Tsirou}, M. and {Tsuji}, N. and {Tuffs}, R. and
         {Uchiyama}, Y. and {van der Walt}, D.~J. and {van Eldik}, C. and
         {van Rensburg}, C. and {van Soelen}, B. and {Vasileiadis}, G. and
         {Veh}, J. and {Venter}, C. and {Viana}, A. and {Vincent}, P. and
         {Vink}, J. and {Voisin}, F. and {V{\"o}lk}, H.~J. and {Vuillaume}, T. and
         {Wadiasingh}, Z. and {Wagner}, S.~J. and {Wagner}, P. and
         {Wagner}, R.~M. and {White}, R. and {Wierzcholska}, A. and
         {Willmann}, P. and {W{\"o}rnlein}, A. and {Wouters}, D. and {Yang}, R. and
         {Zaborov}, D. and {Zacharias}, M. and {Zanin}, R. and
         {Zdziarski}, A.~A. and {Zech}, A. and {Zefi}, F. and {Ziegler}, A. and
         {Zorn}, J. and {{\.Z}ywucka}, N. and {H.~E.~S.~S. Collaboration} and
         {Fender}, R.~P. and {Broderick}, J.~W. and {Rowlinson}, A. and
         {Wijers}, R.~A.~M.~J. and {Stewart}, A.~J. and {ter Veen}, S. and
         {Shulevski}, A. and {LOFAR Collaboration} and {Kavic}, M. and
         {Simonetti}, J.~H. and {League}, C. and {Tsai}, J. and
         {Obenberger}, K.~S. and {Nathaniel}, K. and {Taylor}, G.~B. and
         {Dowell}, J.~D. and {Liebling}, S.~L. and {Estes}, J.~A. and
         {Lippert}, M. and {Sharma}, I. and {Vincent}, P. and {Farella}, B. and
         {Wavelength Array}, LWA: Long and {Abeysekara}, A.~U. and {Albert}, A. and
         {Alfaro}, R. and {Alvarez}, C. and {Arceo}, R. and
         {Arteaga-Vel{\'a}zquez}, J.~C. and {Avila Rojas}, D. and
         {Ayala Solares}, H.~A. and {Barber}, A.~S. and {Becerra Gonzalez}, J. and
         {Becerril}, A. and {Belmont-Moreno}, E. and {BenZvi}, S.~Y. and
         {Berley}, D. and {Bernal}, A. and {Braun}, J. and {Brisbois}, C. and
         {Caballero-Mora}, K.~S. and {Capistr{\'a}n}, T. and
         {Carrami{\~n}ana}, A. and {Casanova}, S. and {Castillo}, M. and
         {Cotti}, U. and {Cotzomi}, J. and {Couti{\~n}o de Le{\'o}n}, S. and
         {De Le{\'o}n}, C. and {De la Fuente}, E. and {Diaz Hernandez}, R. and
         {Dichiara}, S. and {Dingus}, B.~L. and {DuVernois}, M.~A. and
         {D{\'\i}az-V{\'e}lez}, J.~C. and {Ellsworth}, R.~W. and {Engel}, K. and
         {Enr{\'\i}quez-Rivera}, O. and {Fiorino}, D.~W. and {Fleischhack}, H. and
         {Fraija}, N. and {Garc{\'\i}a-Gonz{\'a}lez}, J.~A. and {Garfias}, F. and
         {Gerhardt}, M. and {Gonz{\~o}lez Mu{\~n}oz}, A. and
         {Gonz{\'a}lez}, M.~M. and {Goodman}, J.~A. and {Hampel-Arias}, Z. and
         {Harding}, J.~P. and {Hernandez}, S. and {Hernandez-Almada}, A. and
         {Hona}, B. and {H{\"u}ntemeyer}, P. and {Iriarte}, A. and
         {Jardin-Blicq}, A. and {Joshi}, V. and {Kaufmann}, S. and {Kieda}, D. and
         {Lara}, A. and {Lauer}, R.~J. and {Lennarz}, D. and
         {Le{\'o}n Vargas}, H. and {Linnemann}, J.~T. and {Longinotti}, A.~L. and
         {Raya}, G. Luis and {Luna-Garc{\'\i}a}, R. and {L{\'o}pez-Coto}, R. and
         {Malone}, K. and {Marinelli}, S.~S. and {Martinez}, O. and
         {Martinez-Castellanos}, I. and {Mart{\'\i}nez-Castro}, J. and
         {Mart{\'\i}nez-Huerta}, H. and {Matthews}, J.~A. and {Mirand
        a-Romagnoli}, P. and {Moreno}, E. and {Mostaf{\'a}}, M. and
         {Nellen}, L. and {Newbold}, M. and {Nisa}, M.~U. and
         {Noriega-Papaqui}, R. and {Pelayo}, R. and {Pretz}, J. and
         {P{\'e}rez-P{\'e}rez}, E.~G. and {Ren}, Z. and {Rho}, C.~D. and
         {Rivi{\`e}re}, C. and {Rosa-Gonz{\'a}lez}, D. and {Rosenberg}, M. and
         {Ruiz-Velasco}, E. and {Salazar}, H. and {Salesa Greus}, F. and {Sand
        oval}, A. and {Schneider}, M. and {Schoorlemmer}, H. and {Sinnis}, G. and
         {Smith}, A.~J. and {Springer}, R.~W. and {Surajbali}, P. and
         {Tibolla}, O. and {Tollefson}, K. and {Torres}, I. and
         {Ukwatta}, T.~N. and {Weisgarber}, T. and {Westerhoff}, S. and
         {Wisher}, I.~G. and {Wood}, J. and {Yapici}, T. and {Yodh}, G.~B. and
         {Younk}, P.~W. and {Zhou}, H. and {{\'A}lvarez}, J.~D. and
         {HAWC Collaboration} and {Aab}, A. and {Abreu}, P. and {Aglietta}, M. and
         {Albuquerque}, I.~F.~M. and {Albury}, J.~M. and {Allekotte}, I. and
         {Almela}, A. and {Alvarez Castillo}, J. and {Alvarez-Mu{\~n}iz}, J. and
         {Anastasi}, G.~A. and {Anchordoqui}, L. and {Andrada}, B. and
         {Andringa}, S. and {Aramo}, C. and {Arsene}, N. and {Asorey}, H. and
         {Assis}, P. and {Avila}, G. and {Badescu}, A.~M. and {Balaceanu}, A. and
         {Barbato}, F. and {Barreira Luz}, R.~J. and {Becker}, K.~H. and
         {Bellido}, J.~A. and {Berat}, C. and {Bertaina}, M.~E. and
         {Bertou}, X. and {Biermann}, P.~L. and {Biteau}, J. and
         {Blaess}, S.~G. and {Blanco}, A. and {Blazek}, J. and {Bleve}, C. and
         {Boh{\'a}{\v{c}}ov{\'a}}, M. and {Bonifazi}, C. and {Borodai}, N. and
         {Botti}, A.~M. and {Brack}, J. and {Brancus}, I. and {Bretz}, T. and
         {Bridgeman}, A. and {Briechle}, F.~L. and {Buchholz}, P. and
         {Bueno}, A. and {Buitink}, S. and {Buscemi}, M. and
         {Caballero-Mora}, K.~S. and {Caccianiga}, L. and {Cancio}, A. and
         {Canfora}, F. and {Caruso}, R. and {Castellina}, A. and {Catalani}, F. and
         {Cataldi}, G. and {Cazon}, L. and {Chavez}, A.~G. and
         {Chinellato}, J.~A. and {Chudoba}, J. and {Clay}, R.~W. and
         {Cobos Cerutti}, A.~C. and {Colalillo}, R. and {Coleman}, A. and
         {Collica}, L. and {Coluccia}, M.~R. and {Concei{\c{c}}{\~a}o}, R. and
         {Consolati}, G. and {Contreras}, F. and {Cooper}, M.~J. and
         {Coutu}, S. and {Covault}, C.~E. and {Cronin}, J. and {D'Amico}, S. and
         {Daniel}, B. and {Dasso}, S. and {Daumiller}, K. and {Dawson}, B.~R. and
         {Day}, J.~A. and {de Almeida}, R.~M. and {de Jong}, S.~J. and
         {De Mauro}, G. and {de Mello Neto}, J.~R.~T. and {De Mitri}, I. and
         {de Oliveira}, J. and {de Souza}, V. and {Debatin}, J. and
         {Deligny}, O. and {D{\'\i}az Castro}, M.~L. and {Diogo}, F. and
         {Dobrigkeit}, C. and {D'Olivo}, J.~C. and {Dorosti}, Q. and
         {Dos Anjos}, R.~C. and {Dova}, M.~T. and {Dundovic}, A. and {Ebr}, J. and
         {Engel}, R. and {Erdmann}, M. and {Erfani}, M. and {Escobar}, C.~O. and
         {Espadanal}, J. and {Etchegoyen}, A. and {Falcke}, H. and {Farmer}, J. and
         {Farrar}, G. and {Fauth}, A.~C. and {Fazzini}, N. and {Feldbusch}, F. and
         {Fenu}, F. and {Fick}, B. and {Figueira}, J.~M. and
         {Filip{\v{c}}i{\v{c}}}, A. and {Freire}, M.~M. and {Fujii}, T. and
         {Fuster}, A. and {Ga{\"\i}or}, R. and {Garc{\'\i}a}, B. and
         {Gat{\'e}}, F. and {Gemmeke}, H. and {Gherghel-Lascu}, A. and
         {Ghia}, P.~L. and {Giaccari}, U. and {Giammarchi}, M. and {Giller}, M. and
         {G{\l}as}, D. and {Glaser}, C. and {Golup}, G. and
         {G{\'o}mez Berisso}, M. and {G{\'o}mez Vitale}, P.~F. and
         {Gonz{\'a}lez}, N. and {Gorgi}, A. and {Gottowik}, M. and
         {Grillo}, A.~F. and {Grubb}, T.~D. and {Guarino}, F. and
         {Guedes}, G.~P. and {Halliday}, R. and {Hampel}, M.~R. and
         {Hansen}, P. and {Harari}, D. and {Harrison}, T.~A. and
         {Harvey}, V.~M. and {Haungs}, A. and {Hebbeker}, T. and {Heck}, D. and
         {Heimann}, P. and {Herve}, A.~E. and {Hill}, G.~C. and {Hojvat}, C. and
         {Holt}, E. and {Homola}, P. and {H{\"o}randel}, J.~R. and
         {Horvath}, P. and {Hrabovsk{\'y}}, M. and {Huege}, T. and
         {Hulsman}, J. and {Insolia}, A. and {Isar}, P.~G. and {Jandt}, I. and
         {Johnsen}, J.~A. and {Josebachuili}, M. and {Jurysek}, J. and
         {K{\"a}{\"a}p{\"a}}, A. and {Kampert}, K.~H. and {Keilhauer}, B. and
         {Kemmerich}, N. and {Kemp}, J. and {Kieckhafer}, R.~M. and
         {Klages}, H.~O. and {Kleifges}, M. and {Kleinfeller}, J. and
         {Krause}, R. and {Krohm}, N. and {Kuempel}, D. and {Kukec Mezek}, G. and
         {Kunka}, N. and {Kuotb Awad}, A. and {Lago}, B.~L. and {LaHurd}, D. and
         {Lang}, R.~G. and {Lauscher}, M. and {Legumina}, R. and
         {Leigui de Oliveira}, M.~A. and {Letessier-Selvon}, A. and
         {Lhenry-Yvon}, I. and {Link}, K. and {Lo Presti}, D. and {Lopes}, L. and
         {L{\'o}pez}, R. and {L{\'o}pez Casado}, A. and {Lorek}, R. and
         {Luce}, Q. and {Lucero}, A. and {Malacari}, M. and {Mallamaci}, M. and
         {Mandat}, D. and {Mantsch}, P. and {Mariazzi}, A.~G. and
         {Maris}, I.~C. and {Marsella}, G. and {Martello}, D. and
         {Martinez}, H. and {Mart{\'\i}nez Bravo}, O. and
         {Mas{\'\i}as Meza}, J.~J. and {Mathes}, H.~J. and {Mathys}, S. and
         {Matthews}, J. and {Matthiae}, G. and {Mayotte}, E. and {Mazur}, P.~O. and
         {Medina}, C. and {Medina-Tanco}, G. and {Melo}, D. and {Menshikov}, A. and
         {Merenda}, K. -D. and {Michal}, S. and {Micheletti}, M.~I. and
         {Middendorf}, L. and {Miramonti}, L. and {Mitrica}, B. and
         {Mockler}, D. and {Mollerach}, S. and {Montanet}, F. and {Morello}, C. and
         {Morlino}, G. and {M{\"u}ller}, A.~L. and {M{\"u}ller}, G. and
         {Muller}, M.~A. and {M{\"u}ller}, S. and {Mussa}, R. and {Naranjo}, I. and
         {Nguyen}, P.~H. and {Niculescu-Oglinzanu}, M. and {Niechciol}, M. and
         {Niemietz}, L. and {Niggemann}, T. and {Nitz}, D. and {Nosek}, D. and
         {Novotny}, V. and {No{\v{z}}ka}, L. and {N{\'u}{\~n}ez}, L.~A. and
         {Oikonomou}, F. and {Olinto}, A. and {Palatka}, M. and {Pallotta}, J. and
         {Papenbreer}, P. and {Parente}, G. and {Parra}, A. and {Paul}, T. and
         {Pech}, M. and {Pedreira}, F. and {P{\c{e}}kala}, J. and
         {Pe{\~n}a-Rodriguez}, J. and {Pereira}, L.~A.~S. and {Perlin}, M. and
         {Perrone}, L. and {Peters}, C. and {Petrera}, S. and {Phuntsok}, J. and
         {Pierog}, T. and {Pimenta}, M. and {Pirronello}, V. and {Platino}, M. and
         {Plum}, M. and {Poh}, J. and {Porowski}, C. and {Prado}, R.~R. and
         {Privitera}, P. and {Prouza}, M. and {Quel}, E.~J. and
         {Querchfeld}, S. and {Quinn}, S. and {Ramos-Pollan}, R. and
         {Rautenberg}, J. and {Ravignani}, D. and {Ridky}, J. and {Riehn}, F. and
         {Risse}, M. and {Ristori}, P. and {Rizi}, V. and
         {Rodrigues de Carvalho}, W. and {Rodriguez Fernandez}, G. and
         {Rodriguez Rojo}, J. and {Roncoroni}, M.~J. and {Roth}, M. and
         {Roulet}, E. and {Rovero}, A.~C. and {Ruehl}, P. and {Saffi}, S.~J. and
         {Saftoiu}, A. and {Salamida}, F. and {Salazar}, H. and {Saleh}, A. and
         {Salina}, G. and {S{\'a}nchez}, F. and {Sanchez-Lucas}, P. and
         {Santos}, E.~M. and {Santos}, E. and {Sarazin}, F. and {Sarmento}, R. and
         {Sarmiento-Cano}, C. and {Sato}, R. and {Schauer}, M. and
         {Scherini}, V. and {Schieler}, H. and {Schimp}, M. and {Schmidt}, D. and
         {Scholten}, O. and {Schov{\'a}nek}, P. and {Schr{\"o}der}, F.~G. and
         {Schr{\"o}der}, S. and {Schulz}, A. and {Schumacher}, J. and
         {Sciutto}, S.~J. and {Segreto}, A. and {Shadkam}, A. and
         {Shellard}, R.~C. and {Sigl}, G. and {Silli}, G. and
         {{\v{S}}m{\'\i}da}, R. and {Snow}, G.~R. and {Sommers}, P. and
         {Sonntag}, S. and {Soriano}, J.~F. and {Squartini}, R. and
         {Stanca}, D. and {Stani{\v{c}}}, S. and {Stasielak}, J. and
         {Stassi}, P. and {Stolpovskiy}, M. and {Strafella}, F. and
         {Streich}, A. and {Suarez}, F. and {Suarez-Dur{\'a}n}, M. and
         {Sudholz}, T. and {Suomij{\"a}rvi}, T. and {Supanitsky}, A.~D. and
         {{\v{S}}up{\'\i}k}, J. and {Swain}, J. and {Szadkowski}, Z. and
         {Taboada}, A. and {Taborda}, O.~A. and {Timmermans}, C. and
         {Todero Peixoto}, C.~J. and {Tomankova}, L. and {Tom{\'e}}, B. and
         {Torralba Elipe}, G. and {Travnicek}, P. and {Trini}, M. and
         {Tueros}, M. and {Ulrich}, R. and {Unger}, M. and {Urban}, M. and
         {Vald{\'e}s Galicia}, J.~F. and {Vali{\~n}o}, I. and {Valore}, L. and
         {van Aar}, G. and {van Bodegom}, P. and {van den Berg}, A.~M. and
         {van Vliet}, A. and {Varela}, E. and {Vargas C{\'a}rdenas}, B. and
         {V{\'a}zquez}, R.~A. and {Veberi{\v{c}}}, D. and {Ventura}, C. and
         {Vergara Quispe}, I.~D. and {Verzi}, V. and {Vicha}, J. and
         {Villase{\~n}or}, L. and {Vorobiov}, S. and {Wahlberg}, H. and
         {Wainberg}, O. and {Walz}, D. and {Watson}, A.~A. and {Weber}, M. and
         {Weindl}, A. and {Wiede{\'n}ski}, M. and {Wiencke}, L. and
         {Wilczy{\'n}ski}, H. and {Wirtz}, M. and {Wittkowski}, D. and
         {Wundheiler}, B. and {Yang}, L. and {Yushkov}, A. and {Zas}, E. and
         {Zavrtanik}, D. and {Zavrtanik}, M. and {Zepeda}, A. and
         {Zimmermann}, B. and {Ziolkowski}, M. and {Zong}, Z. and
         {Zuccarello}, F. and {Pierre Auger Collaboration} and {Kim}, S. and
         {Schulze}, S. and {Bauer}, F.~E. and {Corral-Santana}, J.~M. and
         {de Gregorio-Monsalvo}, I. and {Gonz{\'a}lez-L{\'o}pez}, J. and
         {Hartmann}, D.~H. and {Ishwara-Chandra}, C.~H. and {Mart{\'\i}n}, S. and
         {Mehner}, A. and {Misra}, K. and {Micha{\l}owski}, M.~J. and
         {Resmi}, L. and {ALMA Collaboration} and {Paragi}, Z. and {Agudo}, I. and
         {An}, T. and {Beswick}, R. and {Casadio}, C. and {Frey}, S. and
         {Jonker}, P. and {Kettenis}, M. and {Marcote}, B. and {Moldon}, J. and
         {Szomoru}, A. and {van Langevelde}, H.~J. and {Yang}, J. and
         {Euro VLBI Team} and {Cwiek}, A. and {Cwiok}, M. and {Czyrkowski}, H. and
         {Dabrowski}, R. and {Kasprowicz}, G. and {Mankiewicz}, L. and
         {Nawrocki}, K. and {Opiela}, R. and {Piotrowski}, L.~W. and
         {Wrochna}, G. and {Zaremba}, M. and {{\.Z}arnecki}, A.~F. and
         {Pi of the Sky Collaboration} and {Haggard}, D. and {Nynka}, M. and
         {Ruan}, J.~J. and {Chandra Team at McGill University} and {Bland
        }, P.~A. and {Booler}, T. and {Devillepoix}, H.~A.~R. and
         {de Gois}, J.~S. and {Hancock}, P.~J. and {Howie}, R.~M. and
         {Paxman}, J. and {Sansom}, E.~K. and {Towner}, M.~C. and
         {Desert Fireball Network}, DFN: and {Tonry}, J. and {Coughlin}, M. and
         {Stubbs}, C.~W. and {Denneau}, L. and {Heinze}, A. and {Stalder}, B. and
         {Weiland}, H. and {ATLAS} and {Eatough}, R.~P. and {Kramer}, M. and
         {Kraus}, A. and {Time Resolution Universe Survey}, High and
         {Troja}, E. and {Piro}, L. and {Becerra Gonz{\'a}lez}, J. and
         {Butler}, N.~R. and {Fox}, O.~D. and {Khandrika}, H.~G. and
         {Kutyrev}, A. and {Lee}, W.~H. and {Ricci}, R. and {Ryan}, R.~E., Jr. and
         {S{\'a}nchez-Ram{\'\i}rez}, R. and {Veilleux}, S. and {Watson}, A.~M. and
         {Wieringa}, M.~H. and {Burgess}, J.~M. and {van Eerten}, H. and
         {Fontes}, C.~J. and {Fryer}, C.~L. and {Korobkin}, O. and
         {Wollaeger}, R.~T. and {RIMAS} and {RATIR} and {Camilo}, F. and
         {Foley}, A.~R. and {Goedhart}, S. and {Makhathini}, S. and
         {Oozeer}, N. and {Smirnov}, O.~M. and {Fender}, R.~P. and
         {Woudt}, P.~A. and {South Africa/MeerKAT}, SKA},
        title = "{Multi-messenger Observations of a Binary Neutron Star Merger}",
      journal = {\apjl},
     keywords = {gravitational waves, stars: neutron, Astrophysics - High Energy Astrophysical Phenomena, General Relativity and Quantum Cosmology},
         year = "2017",
        month = "Oct",
       volume = {848},
       number = {2},
          eid = {L12},
        pages = {L12},
          doi = {10.3847/2041-8213/aa91c9},
archivePrefix = {arXiv},
       eprint = {1710.05833},
 primaryClass = {astro-ph.HE},
       adsurl = {https://ui.adsabs.harvard.edu/abs/2017ApJ...848L..12A},
      adsnote = {Provided by the SAO/NASA Astrophysics Data System}
}

