@misc{long-bare,
  howpublished = "http://long.example.org/1234567890a1234567890b1234567890c1234567890d1234567890e1234567890f1234567890g",
}

@misc{long-with-author,
  author = "Long Author",
  howpublished = "http://long.example.org/1234567890a1234567890b1234567890c1234567890d1234567890e1234567890f1234567890g",
}

@misc{long-full,
  author = "Full Long Author",
  title = "http://long.example.org/1234567890a1234567890b1234567890c1234567890d1234567890e1234567890f1234567890g",
  note = "Some note.",
}

@misc{long-author,
  author = "Really Long Aaaaaaaaaaaaaaaaaaaaaaaaaaaaaaaaaaaaaaaaaaaaaaaaaaaaaaaaaaaaaaaaaaaaaaaaaaaaaaaaaaaaaaaaaaaaaaaaaaaaaaaaaaaaaaaaauthor",
  title = "Titleeeeeeeeeeeeeeeeeeeeeeeeeeeeeeeeeeeeeeeeeeeeeeeeeeeeeeeeeeeeeeeeeeeeeeeeeeeeeeeeeeeeeeeeeeeeeeeeeeeeeeeeeeeeeeeeee too",
}

@misc{normal,
  author = "Normal Author",
  howpublished = "http://example.org/",
}
