@ARTICLE{Hobby86,
   AUTHOR = "John D. Hobby",
   TITLE = "Smooth, Easy to Compute Interpolating Splines",
   JOURNAL = "Discrete Comput. Geom.",
   YEAR = 1986,
   VOLUME = 1,
   PAGES = "123-140"}

@BOOK{Knuth86b,
   AUTHOR = "Donald E. Knuth",
   TITLE = "The \MF{}book",
   PUBLISHER = "Addison-Wesley",
   YEAR = 1986,
   ADDRESS = "Reading, Massachusetts"}

