@Type{8bit-1,
  field	  = {Øø},
}

@Type{8bit-2,
  field	  = {Åå},
}

@Type{8bit-3,
  field	  = {Ää},
}

@Type{8bit-4,
  field	  = {Öö},
}

@Type{aa,
  field	  = {Aa},
}

@Type{bb,
  field	  = {Bb},
}

@Type{cc,
  field	  = {Cc},
}

@Type{oo,
  field	  = {Oo},
}

@Type{xx,
  field	  = {Xx},
}

@Type{yy,
  field	  = {Yy},
}

@Type{zz,
  field	  = {Zz},
}
